<?xml version="1.0" encoding="utf-8"?><!-- SEB ISO20022 V02 MIG, 6.5. Treasury, Intra-Company and Same Day Value payments --><Document xsi:schemaLocation="urn:iso:std:iso:20022:tech:xsd:pain.001.001.02 pain.001.001.02.xsd" xmlns="urn:iso:std:iso:20022:tech:xsd:pain.001.001.02" xmlns:xsi="http://www.w3.org/2001/XMLSchema-instance">	<pain.001.001.02>		<GrpHdr>			<MsgId>FINA1</MsgId>			<CreDtTm>2020-05-16T07:28:00</CreDtTm>			<NbOfTxs>3</NbOfTxs>			<CtrlSum>160020.80</CtrlSum>			<Grpg>MIXD</Grpg>			<InitgPty>				<Id>					<OrgId>						<BkPtyId>00331127800005</BkPtyId>					</OrgId>				</Id>			</InitgPty>		</GrpHdr>		<PmtInf>			<!-- Treasury payment, resulting an Express payment -->			<PmtInfId>FINA1-1</PmtInfId>			<PmtMtd>TRF</PmtMtd>			<PmtTpInf>				<InstrPrty>HIGH</InstrPrty>				<SvcLvl>					<Prtry>URGP</Prtry>				</SvcLvl>				<CtgyPurp>CASH</CtgyPurp>				<!-- or TREA, CORT, TRAD -->			</PmtTpInf>			<ReqdExctnDt>2020-05-16</ReqdExctnDt>			<Dbtr>				<Nm>Payer</Nm>			</Dbtr>			<DbtrAcct>				<Id>					<BBAN>54401001220</BBAN>				</Id>				<Ccy>SEK</Ccy>			</DbtrAcct>			<DbtrAgt>				<FinInstnId>					<BIC>ESSESESS</BIC>				</FinInstnId>			</DbtrAgt>			<ChrgBr>SHAR</ChrgBr>			<CdtTrfTxInf>				<PmtId>					<InstrId>FINA1-1</InstrId>					<EndToEndId>FINA1-1</EndToEndId>				</PmtId>				<Amt>					<InstdAmt Ccy="USD">60020.80</InstdAmt>				</Amt>				<CdtrAgt>					<FinInstnId>						<CmbndId>							<BIC>SNTRUS3A</BIC>							<ClrSysMmbId>								<Id>USABA123456789</Id>							</ClrSysMmbId>						</CmbndId>					</FinInstnId>				</CdtrAgt>				<Cdtr>					<Nm>Seller Ltd</Nm>					<PstlAdr>						<StrtNm>Broadway 225</StrtNm>						<PstCd>10020</PstCd>						<TwnNm>NEW YORK</TwnNm>						<Ctry>US</Ctry>					</PstlAdr>				</Cdtr>				<CdtrAcct>					<Id>						<BBAN>900251</BBAN>					</Id>				</CdtrAcct>				<Purp>					<Prtry>SUPP</Prtry>				</Purp>				<RgltryRptg>					<DbtCdtRptgInd>DEBT</DbtCdtRptgInd>					<RgltryDtls>						<Cd>101</Cd>					</RgltryDtls>				</RgltryRptg>				<RmtInf>					<Ustrd>INV.5001224555802 </Ustrd>				</RmtInf>			</CdtTrfTxInf>		</PmtInf>		<PmtInf>			<!-- Intra-company payment -->			<PmtInfId>FINA1-2</PmtInfId>			<PmtMtd>TRF</PmtMtd>			<PmtTpInf>				<CtgyPurp>INTC</CtgyPurp>			</PmtTpInf>			<ReqdExctnDt>2020-05-16</ReqdExctnDt>			<Dbtr>				<Nm>Buyer</Nm>			</Dbtr>			<DbtrAcct>				<Id>					<BBAN>54408201220</BBAN>				</Id>				<Ccy>USD</Ccy>			</DbtrAcct>			<DbtrAgt>				<FinInstnId>					<BIC>ESSESESS</BIC>				</FinInstnId>			</DbtrAgt>			<ChrgBr>SHAR</ChrgBr>			<CdtTrfTxInf>				<PmtId>					<InstrId>FINA1-2</InstrId>					<EndToEndId>FINA1-2</EndToEndId>				</PmtId>				<Amt>					<InstdAmt Ccy="USD">50000.00</InstdAmt>				</Amt>				<CdtrAgt>					<FinInstnId>						<BIC>BARCGB2L</BIC>					</FinInstnId>				</CdtrAgt>				<Cdtr>					<Nm>Surplus EDI</Nm>				</Cdtr>				<CdtrAcct>					<Id>						<IBAN>GB25NWBK60161331256811</IBAN>					</Id>				</CdtrAcct>				<Purp>					<Prtry>SUPP</Prtry>				</Purp>				<RgltryRptg>					<DbtCdtRptgInd>DEBT</DbtCdtRptgInd>					<RgltryDtls>						<Cd>101</Cd>					</RgltryDtls>				</RgltryRptg>				<RmtInf>					<Ustrd>INV.CORR DOUBLE PMT </Ustrd>				</RmtInf>			</CdtTrfTxInf>		</PmtInf>		<PmtInf>			<!-- Same Day Value -->			<PmtInfId>FINA1-3</PmtInfId>			<PmtMtd>TRF</PmtMtd>			<PmtTpInf>				<InstrPrty>HIGH</InstrPrty>				<SvcLvl>					<Cd>SDVA</Cd>				</SvcLvl>			</PmtTpInf>			<ReqdExctnDt>2020-05-16</ReqdExctnDt>			<Dbtr>				<Nm>Buyer</Nm>			</Dbtr>			<DbtrAcct>				<Id>					<BBAN>54408201220</BBAN>				</Id>				<Ccy>USD</Ccy>			</DbtrAcct>			<DbtrAgt>				<FinInstnId>					<BIC>ESSESESS</BIC>				</FinInstnId>			</DbtrAgt>			<ChrgBr>SHAR</ChrgBr>			<CdtTrfTxInf>				<PmtId>					<InstrId>FINA1-3</InstrId>					<EndToEndId>FINA1-3</EndToEndId>				</PmtId>				<Amt>					<InstdAmt Ccy="USD">50000.00</InstdAmt>				</Amt>				<CdtrAgt>					<FinInstnId>						<BIC>BARCGB2L</BIC>					</FinInstnId>				</CdtrAgt>				<Cdtr>					<Nm>Surplus EDI</Nm>				</Cdtr>				<CdtrAcct>					<Id>						<IBAN>GB25NWBK60161331256811</IBAN>					</Id>				</CdtrAcct>				<Purp>					<Prtry>SUPP</Prtry>				</Purp>				<RgltryRptg>					<DbtCdtRptgInd>DEBT</DbtCdtRptgInd>					<RgltryDtls>						<Cd>101</Cd>					</RgltryDtls>				</RgltryRptg>				<RmtInf>					<Ustrd>INV.CORR DOUBLE PMT </Ustrd>				</RmtInf>			</CdtTrfTxInf>		</PmtInf>	</pain.001.001.02></Document>