<?xml version="1.0" encoding="UTF-8"?><!-- SEB ISO 20022 V03 MIG, 6.2x. Payments in RUB to Russia (a sample of this complex payment type) --><Document xmlns="urn:iso:std:iso:20022:tech:xsd:pain.001.001.03" xmlns:xsi="http://www.w3.org/2001/XMLSchema-instance">	<CstmrCdtTrfInitn>		<GrpHdr>			<MsgId>QT000100307</MsgId>			<CreDtTm>2022-02-27T17:05:51</CreDtTm>			<NbOfTxs>2</NbOfTxs>			<CtrlSum>60000.00</CtrlSum>			<InitgPty>				<Id>					<OrgId>						<Othr>							<Id>00330720910005</Id>							<SchmeNm>								<Cd>BANK</Cd>							</SchmeNm>						</Othr>					</OrgId>				</Id>			</InitgPty>		</GrpHdr>		<PmtInf>			<!--For RUB payments from Swedish accounts-->			<!-- 			SEB will send all payment via SEB’s correspondent IMBKRUMM.			This segment is used for third country payments and the info is stated in the MT202Cover			-->			<PmtInfId>PMT1</PmtInfId>			<PmtMtd>TRF</PmtMtd>			<BtchBookg>false</BtchBookg>			<NbOfTxs>1</NbOfTxs>			<CtrlSum>50000.00</CtrlSum>			<PmtTpInf>				<SvcLvl>					<Cd>URGP</Cd>				</SvcLvl>			</PmtTpInf>			<ReqdExctnDt>2022-02-27</ReqdExctnDt>			<Dbtr>				<Nm>Debtor Ltd</Nm>				<PstlAdr>					<Ctry>SE</Ctry>				</PstlAdr>			</Dbtr>			<DbtrAcct>				<Id>					<Othr>						<Id>55558201111</Id>						<SchmeNm>							<Cd>BBAN</Cd>						</SchmeNm>					</Othr>				</Id>				<Ccy>RUB</Ccy>			</DbtrAcct>			<DbtrAgt>				<FinInstnId>					<BIC>ESSESESS</BIC>				</FinInstnId>			</DbtrAgt>			<ChrgBr>SHAR</ChrgBr>			<CdtTrfTxInf>				<PmtId>					<InstrId>PMT1</InstrId>					<EndToEndId>PMT1</EndToEndId>				</PmtId>				<Amt>					<InstdAmt Ccy="RUB">50000.00</InstdAmt>				</Amt>				<CdtrAgt>					<FinInstnId>						<BIC>IMBKRUMM</BIC>						<ClrSysMmbId>							<ClrSysId>								<Cd>RUCBC</Cd>								<!-- Indication that it is RU clearing code -->							</ClrSysId>							<MmbId>041708716</MmbId>							<!-- BIK code -->						</ClrSysMmbId>						<Nm>VRU MOSCOW INDUST.BANK VLADIMIR CITY</Nm>						<PstlAdr>							<PstCd>601500</PstCd>							<TwnNm>GUS-KHRUSTALNIY VLADIMIR CITY</TwnNm>							<Ctry>RU</Ctry>						</PstlAdr>					</FinInstnId>					<BrnchId>						<!-- CdtrAgt/BrnchId is used to indicate the local debtor bank's correspondant bank account in the local Russian clearing system -->						<Id>30101810200000001111</Id>					</BrnchId>				</CdtrAgt>				<Cdtr>					<Nm>000 Import</Nm>					<PstlAdr>						<StrtNm>ul.Internatsionalnaja</StrtNm>						<PstCd>601550</PstCd>						<TwnNm>Gus-Khrustalny  Vladimirsk obl.</TwnNm>						<Ctry>RU</Ctry>					</PstlAdr>					<!--					Creditor's TaxId must be stated for payments to Russia. 					Must not be present for third country payments. 					Stated in MT103 after creditor's account number in field 59.					-->					<Id>						<OrgId>							<Othr>								<!-- INN code (Tax identification number) -->								<Id>5047028579</Id>								<SchmeNm>									<Cd>TXID</Cd>								</SchmeNm>							</Othr>						</OrgId>					</Id>				</Cdtr>				<!--				Russian creditor's account stated either as Prtry acct or BBAN.				In third country payments also IBAN.				For third country payments to banks – no account or their account 				in Russia instead of in CdtrAgtAcct				BBAN: 40702810800701959001				IBAN: DE225008000066550700				-->				<CdtrAcct>					<Id>						<Othr>							<Id>40702810800701959001</Id>							<SchmeNm>								<Cd>BBAN</Cd>							</SchmeNm>						</Othr>					</Id>				</CdtrAcct>				<Purp>					<Cd>SUPP</Cd>				</Purp>				<RgltryRptg>					<!--					When debtor is reporting to the Swedish authorities (resident accounts)					-->					<DbtCdtRptgInd>DEBT</DbtCdtRptgInd>					<Dtls>						<Cd>101</Cd>					</Dtls>				</RgltryRptg>				<RgltryRptg>					<!--					Reporting code to the Russian Central bank. 					For payments to Russia stated in field 70 in MT103, for third country 					payments in MT202Cover in field 72.					-->					<DbtCdtRptgInd>CRED</DbtCdtRptgInd>					<Dtls>						<Inf>VO41010</Inf>					</Dtls>				</RgltryRptg>				<RmtInf>					<!--					Field 70 in MT103.					-->					<Ustrd>remittance information passed on to the beneficiary</Ustrd>				</RmtInf>			</CdtTrfTxInf>		</PmtInf>		<PmtInf>			<!--For RUB payments from non-Swedish accounts-->			<PmtInfId>B095673a26143</PmtInfId>			<PmtMtd>TRF</PmtMtd>			<BtchBookg>false</BtchBookg>			<NbOfTxs>1</NbOfTxs>			<CtrlSum>10000.00</CtrlSum>			<PmtTpInf>				<SvcLvl>					<Cd>NURG</Cd>				</SvcLvl>				<CtgyPurp>					<Cd>SUPP</Cd>				</CtgyPurp>			</PmtTpInf>			<ReqdExctnDt>2021-02-27</ReqdExctnDt>			<Dbtr>				<Nm>Debtor</Nm>				<PstlAdr>					<Ctry>FI</Ctry>				</PstlAdr>				<Id>					<OrgId>						<Othr>							<Id>00331127800005</Id>							<SchmeNm>								<Cd>BANK</Cd>							</SchmeNm>						</Othr>					</OrgId>				</Id>			</Dbtr>			<DbtrAcct>				<Id>					<IBAN>FI7933019095000344</IBAN>				</Id>			</DbtrAcct>			<DbtrAgt>				<FinInstnId>					<BIC>ESSEFIHXXXX</BIC>				</FinInstnId>			</DbtrAgt>			<ChrgBr>SHAR</ChrgBr>			<CdtTrfTxInf>				<PmtId>					<InstrId>25165156156156</InstrId>					<EndToEndId>C2-44039a75-3383</EndToEndId>				</PmtId>				<Amt>					<InstdAmt Ccy="RUB">10000.00</InstdAmt>				</Amt>				<CdtrAgt>					<FinInstnId>						<BIC>BRATRU6B</BIC>						<ClrSysMmbId>							<ClrSysId>								<Cd>RUCBC</Cd>								<!-- Indication that it is RU clearing code -->							</ClrSysId>							<MmbId>//RU042520842</MmbId>							<!-- BIK code - Clearing code in the form provided in example "//RU" and then clearing code -->						</ClrSysMmbId>					</FinInstnId>					<BrnchId>						<Id>3010181085004250842</Id>						<!-- Beneficiary bank clearing account at central bank -->					</BrnchId>				</CdtrAgt>				<Cdtr>					<Nm>Creditor Name</Nm>					<PstlAdr>						<Ctry>RU</Ctry>						<AdrLine>Komsomolskaya str, block 66, flat 1</AdrLine>						<AdrLine>10, 665717, BRATSK</AdrLine>					</PstlAdr>				</Cdtr>				<CdtrAcct>					<Id>						<Othr>							<Id>40802810100000009018</Id>							<SchmeNm>								<Cd>BBAN</Cd>							</SchmeNm>						</Othr>					</Id>				</CdtrAcct>				<RmtInf>					<Ustrd>VO20200, INN380408870546, Invoice nr 08/2020</Ustrd>					<!-- VO code and INN number to be stated under unstructured remitance information. -->				</RmtInf>			</CdtTrfTxInf>		</PmtInf>	</CstmrCdtTrfInitn></Document>