<?xml version="1.0" encoding="UTF-8"?>
<!-- SEB ISO 20022 V03 MIG, 6.1 SEPA CT and SEPA SDE -->
<Document xmlns="urn:iso:std:iso:20022:tech:xsd:pain.001.001.03" xmlns:xsi="http://www.w3.org/2001/XMLSchema-instance">
	<CstmrCdtTrfInitn>
		<GrpHdr>
			<MsgId>SEPACT1</MsgId>
			<CreDtTm>2022-02-27T09:30:47-05:00</CreDtTm>
			<NbOfTxs>3</NbOfTxs>
			<CtrlSum>12510.00</CtrlSum>
			<InitgPty>
				<Nm>PAYMENT FACTORY OY</Nm>
				<Id>
					<OrgId>
						<Othr>
							<Id>55667755110004</Id>
							<SchmeNm>
								<Cd>BANK</Cd>
							</SchmeNm>
						</Othr>
					</OrgId>
				</Id>
			</InitgPty>
		</GrpHdr>
		<PmtInf>
			<PmtInfId>SEPACT1</PmtInfId>
			<PmtMtd>TRF</PmtMtd>
			<BtchBookg>true</BtchBookg>
			<NbOfTxs>2</NbOfTxs>
			<CtrlSum>12410.00</CtrlSum>
			<PmtTpInf>
				<SvcLvl>
					<Cd>SEPA</Cd>
				</SvcLvl>
			</PmtTpInf>
			<ReqdExctnDt>2022-02-27</ReqdExctnDt>
			<Dbtr>
				<Nm>PAYMENT FACTORY OUTLET</Nm>
				<PstlAdr>
					<StrtNm>Norrmalmstorg</StrtNm>
					<BldgNb>12</BldgNb>
					<PstCd>11141</PstCd>
					<TwnNm>STOCKHOLM</TwnNm>
					<Ctry>SE</Ctry>
				</PstlAdr>
				<Id>
					<OrgId>
						<Othr>
							<Id>55667755110004</Id>
							<SchmeNm>
								<Cd>BANK</Cd>
							</SchmeNm>
						</Othr>
					</OrgId>
				</Id>
				<CtryOfRes>SE</CtryOfRes>
			</Dbtr>
			<DbtrAcct>
				<Id>
					<IBAN>SE2650000000052018218220</IBAN>
				</Id>
				<Ccy>EUR</Ccy>
			</DbtrAcct>
			<DbtrAgt>
				<FinInstnId>
					<BIC>ESSESESS</BIC>
				</FinInstnId>
			</DbtrAgt>
			<UltmtDbtr>
				<Nm>Buyer AB</Nm>
				<PstlAdr>
					<StrtNm>STORGATAN</StrtNm>
					<BldgNb>22</BldgNb>
					<PstCd>50155</PstCd>
					<TwnNm>GOTEBORG</TwnNm>
					<Ctry>SE</Ctry>
				</PstlAdr>
			</UltmtDbtr>
			<ChrgBr>SLEV</ChrgBr>
			<CdtTrfTxInf>
				<PmtId>
					<InstrId>SEPACT1-1</InstrId>
					<EndToEndId>SEPACT1-1</EndToEndId>
				</PmtId>
				<Amt>
					<InstdAmt Ccy="EUR">6205.00</InstdAmt>
				</Amt>
				<CdtrAgt>
					<FinInstnId>
						<BIC>BBRUBEBB010</BIC>
					</FinInstnId>
				</CdtrAgt>
				<Cdtr>
					<Nm>European Payments Council</Nm>
					<PstlAdr>
						<StrtNm>Avenue de Tervueren-Tervyyren straat</StrtNm>
						<BldgNb>24</BldgNb>
						<PstCd>B-1040</PstCd>
						<TwnNm>Bruxelles-Brussels</TwnNm>
						<Ctry>BE</Ctry>
					</PstlAdr>
				</Cdtr>
				<CdtrAcct>
					<Id>
						<IBAN>BE10310101725402</IBAN>
					</Id>
				</CdtrAcct>
				<UltmtCdtr>
					<Nm>Department for EPC DIRECTIVES</Nm>
				</UltmtCdtr>
				<Purp>
					<Cd>SUPP</Cd>
				</Purp>
				<RgltryRptg>
					<DbtCdtRptgInd>DEBT</DbtCdtRptgInd>
					<Dtls>
						<Cd>101</Cd>
					</Dtls>
				</RgltryRptg>
				<RmtInf>
					<Strd>
						<CdtrRefInf>
							<Tp>
								<CdOrPrtry>
									<Cd>SCOR</Cd>
								</CdOrPrtry>
							</Tp>
							<Ref>RF9710000010225201</Ref>
						</CdtrRefInf>
					</Strd>
				</RmtInf>
			</CdtTrfTxInf>
			<CdtTrfTxInf>
				<PmtId>
					<InstrId>SEPACT1-2</InstrId>
					<EndToEndId>SEPACT1-2</EndToEndId>
				</PmtId>
				<Amt>
					<InstdAmt Ccy="EUR">6205.00</InstdAmt>
				</Amt>
				<CdtrAgt>
					<FinInstnId>
						<BIC>BBRUBEBB010</BIC>
					</FinInstnId>
				</CdtrAgt>
				<Cdtr>
					<Nm>European Payments Council</Nm>
					<PstlAdr>
						<StrtNm>Avenue de Tervueren-Tervyyren straat</StrtNm>
						<BldgNb>24</BldgNb>
						<PstCd>B-1040</PstCd>
						<TwnNm>Bruxelles-Brussels</TwnNm>
						<Ctry>BE</Ctry>
					</PstlAdr>
				</Cdtr>
				<CdtrAcct>
					<Id>
						<IBAN>BE10310101725402</IBAN>
					</Id>
				</CdtrAcct>
				<UltmtCdtr>
					<Nm>Department for EPC DIRECTIVES</Nm>
				</UltmtCdtr>
				<Purp>
					<Cd>SUPP</Cd>
				</Purp>
				<RgltryRptg>
					<DbtCdtRptgInd>DEBT</DbtCdtRptgInd>
					<Dtls>
						<Cd>101</Cd>
					</Dtls>
				</RgltryRptg>
				<RmtInf>
					<Ustrd>Invoice 12345</Ustrd>
				</RmtInf>
			</CdtTrfTxInf>
		</PmtInf>
		<PmtInf>
			<PmtInfId>SEPASDE1</PmtInfId>
			<PmtMtd>TRF</PmtMtd>
			<BtchBookg>false</BtchBookg>
			<NbOfTxs>1</NbOfTxs>
			<CtrlSum>100.00</CtrlSum>
			<PmtTpInf>
				<SvcLvl>
					<Cd>SEPA</Cd>
				</SvcLvl>
				<LclInstrm>
					<Cd>SDCL</Cd>
				</LclInstrm>
			</PmtTpInf>
			<ReqdExctnDt>2022-02-27</ReqdExctnDt>
			<Dbtr>
				<Nm>PAYMENT FACTORY OUTLET</Nm>
				<Id>
					<OrgId>
						<Othr>
							<Id>55667755110004</Id>
							<SchmeNm>
								<Cd>BANK</Cd>
							</SchmeNm>
						</Othr>
					</OrgId>
				</Id>
				<CtryOfRes>SE</CtryOfRes>
			</Dbtr>
			<DbtrAcct>
				<Id>
					<IBAN>FI9133010001105675</IBAN>
				</Id>
				<Ccy>EUR</Ccy>
			</DbtrAcct>
			<DbtrAgt>
				<FinInstnId>
					<BIC>ESSEFIHX</BIC>
				</FinInstnId>
			</DbtrAgt>
			<UltmtDbtr>
				<Nm>Buyer AB</Nm>
				<PstlAdr>
					<StrtNm>STORGATAN</StrtNm>
					<BldgNb>22</BldgNb>
					<PstCd>50155</PstCd>
					<TwnNm>GOTEBORG</TwnNm>
					<Ctry>SE</Ctry>
				</PstlAdr>
			</UltmtDbtr>
			<ChrgBr>SLEV</ChrgBr>
			<CdtTrfTxInf>
				<PmtId>
					<InstrId>SEPASDE1-1</InstrId>
					<EndToEndId>SEPASDE1-1</EndToEndId>
				</PmtId>
				<Amt>
					<InstdAmt Ccy="EUR">100.00</InstdAmt>
				</Amt>
				<CdtrAgt>
					<FinInstnId>
						<BIC>BBRUBEBB010</BIC>
					</FinInstnId>
				</CdtrAgt>
				<Cdtr>
					<Nm>European Payments Council</Nm>
					<PstlAdr>
						<StrtNm>Avenue de Tervueren-Tervyyren straat</StrtNm>
						<BldgNb>24 (3rd floor)></BldgNb>
						<PstCd>B-1040</PstCd>
						<TwnNm>Bruxelles-Brussels</TwnNm>
						<Ctry>BE</Ctry>
					</PstlAdr>
				</Cdtr>
				<CdtrAcct>
					<Id>
						<IBAN>BE10310101725402</IBAN>
					</Id>
				</CdtrAcct>
				<UltmtCdtr>
					<Nm>Department for EPC DIRECTIVES</Nm>
				</UltmtCdtr>
				<Purp>
					<Cd>SUPP</Cd>
				</Purp>
				<RmtInf>
					<Ustrd>SAME DAY EXECUTION SEPA CT</Ustrd>
				</RmtInf>
			</CdtTrfTxInf>
		</PmtInf>
	</CstmrCdtTrfInitn>
</Document>
