<?xml version="1.0" encoding="UTF-8"?>
<!-- SEB ISO 20022 V03 MIG, 6.1 SEPA CT Tax payments to the Baltic countries -->
<Document xmlns="urn:iso:std:iso:20022:tech:xsd:pain.001.001.03" xmlns:xsi="http://www.w3.org/2001/XMLSchema-instance">
	<CstmrCdtTrfInitn>
		<GrpHdr>
			<MsgId>SEPACTTAX1</MsgId>
			<CreDtTm>2020-05-17T09:30:47-05:00</CreDtTm>
			<NbOfTxs>3</NbOfTxs>
			<CtrlSum>600.00</CtrlSum>
			<InitgPty>
				<Nm>PAYMENT FACTORY OY</Nm>
				<Id>
					<OrgId>
						<Othr>
							<Id>0033331111</Id>
							<SchmeNm>
								<Cd>BANK</Cd>
							</SchmeNm>
						</Othr>
					</OrgId>
				</Id>
			</InitgPty>
		</GrpHdr>
		<!-- Estonia -->
		<PmtInf>
			<PmtInfId>SEPACTTAX1</PmtInfId>
			<PmtMtd>TRF</PmtMtd>
			<BtchBookg>false</BtchBookg>
			<NbOfTxs>1</NbOfTxs>
			<CtrlSum>100.00</CtrlSum>
			<PmtTpInf>
				<SvcLvl>
					<Cd>SEPA</Cd>
				</SvcLvl>
			</PmtTpInf>
			<ReqdExctnDt>2020-05-17</ReqdExctnDt>
			<Dbtr>
				<Nm>PAYMENT FACTORY OUTLET</Nm>
				<PstlAdr>
					<StrtNm>Norrmalmstorg</StrtNm>
					<BldgNb>12 (2nd floor)</BldgNb>
					<PstCd>S-11141</PstCd>
					<TwnNm>STOCKHOLM</TwnNm>
					<Ctry>SE</Ctry>
				</PstlAdr>
				<CtryOfRes>SE</CtryOfRes>
			</Dbtr>
			<DbtrAcct>
				<Id>
					<IBAN>SE2650000000052018218220</IBAN>
				</Id>
				<Ccy>EUR</Ccy>
			</DbtrAcct>
			<DbtrAgt>
				<FinInstnId>
					<BIC>ESSESESS</BIC>
				</FinInstnId>
			</DbtrAgt>
			<ChrgBr>SLEV</ChrgBr>
			<CdtTrfTxInf>
				<PmtId>
					<InstrId>SEPACTTAX1-1</InstrId>
					<EndToEndId>SEPACTTAX1-1</EndToEndId>
				</PmtId>
				<Amt>
					<InstdAmt Ccy="EUR">100.00</InstdAmt>
				</Amt>
				<CdtrAgt>
					<FinInstnId>
						<BIC>EEUHEE2X</BIC>
					</FinInstnId>
				</CdtrAgt>
				<Cdtr>
					<Nm>Maksu- ja Tolliamet</Nm>
					<CtryOfRes>EE</CtryOfRes>
				</Cdtr>
				<CdtrAcct>
					<Id>
						<IBAN>EE351010052031000004</IBAN>
					</Id>
				</CdtrAcct>
				<RgltryRptg>
					<DbtCdtRptgInd>DEBT</DbtCdtRptgInd>
					<Dtls>
						<Cd>101</Cd>
					</Dtls>
				</RgltryRptg>
				<RmtInf>
					<Strd>
						<CdtrRefInf>
							<Tp>
								<CdOrPrtry>
									<Cd>SCOR</Cd>
								</CdOrPrtry>
							</Tp>
							<!-- Estonian Tax Authority given payer ID-reference for tax payments -->
							<Ref>1234567890</Ref>
						</CdtrRefInf>
					</Strd>
				</RmtInf>
			</CdtTrfTxInf>
		</PmtInf>
		<!-- Latvia -->
		<PmtInf>
			<PmtInfId>SEPACTTAX2</PmtInfId>
			<PmtMtd>TRF</PmtMtd>
			<BtchBookg>false</BtchBookg>
			<NbOfTxs>1</NbOfTxs>
			<CtrlSum>200.00</CtrlSum>
			<PmtTpInf>
				<SvcLvl>
					<Cd>SEPA</Cd>
				</SvcLvl>
			</PmtTpInf>
			<ReqdExctnDt>2020-05-17</ReqdExctnDt>
			<Dbtr>
				<Nm>PAYMENT FACTORY OUTLET</Nm>
				<PstlAdr>
					<StrtNm>Norrmalmstorg</StrtNm>
					<BldgNb>12 (2nd floor)</BldgNb>
					<PstCd>S-11141</PstCd>
					<TwnNm>STOCKHOLM</TwnNm>
					<Ctry>SE</Ctry>
				</PstlAdr>
				<CtryOfRes>SE</CtryOfRes>
			</Dbtr>
			<DbtrAcct>
				<Id>
					<IBAN>SE2650000000052018218220</IBAN>
				</Id>
				<Ccy>EUR</Ccy>
			</DbtrAcct>
			<DbtrAgt>
				<FinInstnId>
					<BIC>ESSESESS</BIC>
				</FinInstnId>
			</DbtrAgt>
			<ChrgBr>SLEV</ChrgBr>
			<CdtTrfTxInf>
				<PmtId>
					<InstrId>SEPACTTAX2-2</InstrId>
					<EndToEndId>SEPACTTAX2-2</EndToEndId>
				</PmtId>
				<Amt>
					<InstdAmt Ccy="EUR">200.00</InstdAmt>
				</Amt>
				<CdtrAgt>
					<FinInstnId>
						<BIC>TRELLV22</BIC>
					</FinInstnId>
				</CdtrAgt>
				<Cdtr>
					<Nm>State Revenue Service</Nm>
					<CtryOfRes>LV</CtryOfRes>
				</Cdtr>
				<CdtrAcct>
					<Id>
						<IBAN>LV37TREL1060000511000</IBAN>
					</Id>
				</CdtrAcct>
				<RgltryRptg>
					<DbtCdtRptgInd>DEBT</DbtCdtRptgInd>
					<Dtls>
						<Cd>101</Cd>
					</Dtls>
				</RgltryRptg>
				<RmtInf>
					<Ustrd>VAT Company XYZ TXID 12345789 PERIOD 2016-12</Ustrd>
				</RmtInf>
			</CdtTrfTxInf>
		</PmtInf>
		<!-- Lithuania -->
		<PmtInf>
			<PmtInfId>SEPACTTAX3</PmtInfId>
			<PmtMtd>TRF</PmtMtd>
			<BtchBookg>true</BtchBookg>
			<NbOfTxs>1</NbOfTxs>
			<CtrlSum>300.00</CtrlSum>
			<PmtTpInf>
				<SvcLvl>
					<Cd>SEPA</Cd>
				</SvcLvl>
			</PmtTpInf>
			<ReqdExctnDt>2020-05-17</ReqdExctnDt>
			<Dbtr>
				<Nm>PAYMENT FACTORY OUTLET</Nm>
				<PstlAdr>
					<StrtNm>Norrmalmstorg</StrtNm>
					<BldgNb>12 (2nd floor)</BldgNb>
					<PstCd>S-11141</PstCd>
					<TwnNm>STOCKHOLM</TwnNm>
					<Ctry>SE</Ctry>
				</PstlAdr>
				<Id>
					<OrgId>
						<Othr>
							<Id>12378921</Id>
							<SchmeNm>
								<!-- Corporate Id for Lithuanian Tax Authorities -->
								<Cd>COID</Cd>
							</SchmeNm>
						</Othr>
					</OrgId>
				</Id>
				<CtryOfRes>SE</CtryOfRes>
			</Dbtr>
			<DbtrAcct>
				<Id>
					<IBAN>SE2650000000052018218220</IBAN>
				</Id>
				<Ccy>EUR</Ccy>
			</DbtrAcct>
			<DbtrAgt>
				<FinInstnId>
					<BIC>ESSESESS</BIC>
				</FinInstnId>
			</DbtrAgt>
			<ChrgBr>SLEV</ChrgBr>
			<CdtTrfTxInf>
				<PmtId>
					<InstrId>SEPACTTAX3-3</InstrId>
					<EndToEndId>SEPACTTAX3-3</EndToEndId>
				</PmtId>
				<Amt>
					<InstdAmt Ccy="EUR">300.00</InstdAmt>
				</Amt>
				<CdtrAgt>
					<FinInstnId>
						<BIC>CBVILT2X</BIC>
					</FinInstnId>
				</CdtrAgt>
				<Cdtr>
					<Nm>State Revenue Service</Nm>
					<CtryOfRes>LV</CtryOfRes>
				</Cdtr>
				<CdtrAcct>
					<Id>
						<IBAN>LT057044060007887175</IBAN>
					</Id>
				</CdtrAcct>
				<RgltryRptg>
					<DbtCdtRptgInd>DEBT</DbtCdtRptgInd>
					<Dtls>
						<Cd>101</Cd>
					</Dtls>
				</RgltryRptg>
				<RmtInf>
					<Strd>
						<CdtrRefInf>
							<Tp>
								<CdOrPrtry>
									<Cd>SCOR</Cd>
								</CdOrPrtry>
							</Tp>
							<!-- valid codes from http://www.vmi.lt/cms/documents/10162/8906317/List+of+codes+of+taxes%2C%20charges+and+other+payments.pdf/2079b60c-c063-40d4-9156-841bbceb2107 -->
							<Ref>1001</Ref>
						</CdtrRefInf>
					</Strd>
				</RmtInf>
			</CdtTrfTxInf>
		</PmtInf>
	</CstmrCdtTrfInitn>
</Document>
