<?xml version="1.0" encoding="UTF-8"?><!-- SEB ISO 20022 V03 MIG, 6.5. Treasury, Intra-Company and Same Day Value payments --><Document xmlns="urn:iso:std:iso:20022:tech:xsd:pain.001.001.03" xmlns:xsi="http://www.w3.org/2001/XMLSchema-instance">	<CstmrCdtTrfInitn>		<GrpHdr>			<MsgId>FINA1</MsgId>			<CreDtTm>2020-03-31T07:28:00</CreDtTm>			<NbOfTxs>3</NbOfTxs>			<CtrlSum>110020.80</CtrlSum>			<InitgPty>				<Id>					<OrgId>						<Othr>							<Id>80200822880004</Id>							<SchmeNm>								<Cd>BANK</Cd>							</SchmeNm>						</Othr>					</OrgId>				</Id>			</InitgPty>		</GrpHdr>		<PmtInf>			<!-- Treasury payment, resulting an Express payment -->			<PmtInfId>FINA1-1</PmtInfId>			<PmtMtd>TRF</PmtMtd>			<BtchBookg>false</BtchBookg>			<NbOfTxs>1</NbOfTxs>			<PmtTpInf>				<SvcLvl>					<Cd>URGP</Cd>				</SvcLvl>				<CtgyPurp>					<Cd>CASH</Cd>					<!-- or TREA, CORT, TRAD -->				</CtgyPurp>			</PmtTpInf>			<ReqdExctnDt>2020-03-31</ReqdExctnDt>			<Dbtr>				<Nm>Payer</Nm>			</Dbtr>			<DbtrAcct>				<Id>					<Othr>						<Id>54408201220</Id>						<SchmeNm>							<Cd>BBAN</Cd>						</SchmeNm>					</Othr>				</Id>				<Ccy>USD</Ccy>			</DbtrAcct>			<DbtrAgt>				<FinInstnId>					<BIC>ESSESESS</BIC>				</FinInstnId>			</DbtrAgt>			<ChrgBr>SHAR</ChrgBr>			<CdtTrfTxInf>				<PmtId>					<InstrId>FINA1-1</InstrId>					<EndToEndId>FINA1-1</EndToEndId>				</PmtId>				<Amt>					<InstdAmt Ccy="USD">60020.80</InstdAmt>				</Amt>				<CdtrAgt>					<FinInstnId>						<BIC>SNTRUS3A</BIC>						<ClrSysMmbId>							<ClrSysId>								<Cd>USABA</Cd>							</ClrSysId>							<MmbId>067005145</MmbId>						</ClrSysMmbId>					</FinInstnId>				</CdtrAgt>				<Cdtr>					<Nm>Seller Ltd</Nm>					<PstlAdr>						<StrtNm>Broadway 225</StrtNm>						<PstCd>10020</PstCd>						<TwnNm>NEW YORK</TwnNm>						<Ctry>US</Ctry>					</PstlAdr>				</Cdtr>				<CdtrAcct>					<Id>						<Othr>							<Id>900251</Id>							<SchmeNm>								<Cd>BBAN</Cd>							</SchmeNm>						</Othr>					</Id>				</CdtrAcct>				<Purp>					<Prtry>SUPP</Prtry>				</Purp>				<RgltryRptg>					<DbtCdtRptgInd>DEBT</DbtCdtRptgInd>					<Dtls>						<Cd>101</Cd>					</Dtls>				</RgltryRptg>				<RmtInf>					<Ustrd>INV.5001224555802 </Ustrd>				</RmtInf>			</CdtTrfTxInf>		</PmtInf>		<PmtInf>			<!-- Intra-company payment -->			<PmtInfId>FINA1-2</PmtInfId>			<PmtMtd>TRF</PmtMtd>			<BtchBookg>false</BtchBookg>			<NbOfTxs>1</NbOfTxs>			<PmtTpInf>				<CtgyPurp>					<Cd>INTC</Cd>				</CtgyPurp>			</PmtTpInf>			<ReqdExctnDt>2020-03-31</ReqdExctnDt>			<Dbtr>				<Nm>Buyer</Nm>			</Dbtr>			<DbtrAcct>				<Id>					<IBAN>SE3550000000054028206633</IBAN>				</Id>				<Ccy>USD</Ccy>			</DbtrAcct>			<DbtrAgt>				<FinInstnId>					<BIC>ESSESESS</BIC>				</FinInstnId>			</DbtrAgt>			<ChrgBr>SHAR</ChrgBr>			<CdtTrfTxInf>				<PmtId>					<InstrId>FINA1-2</InstrId>					<EndToEndId>FINA1-2</EndToEndId>				</PmtId>				<Amt>					<InstdAmt Ccy="USD">50000.00</InstdAmt>				</Amt>				<CdtrAgt>					<FinInstnId>						<BIC>BARCGB2L</BIC>					</FinInstnId>				</CdtrAgt>				<Cdtr>					<Nm>Surplus EDI</Nm>				</Cdtr>				<CdtrAcct>					<Id>						<IBAN>GB25NWBK60161331256811</IBAN>					</Id>				</CdtrAcct>				<Purp>					<Prtry>SUPP</Prtry>				</Purp>				<RgltryRptg>					<DbtCdtRptgInd>DEBT</DbtCdtRptgInd>					<Dtls>						<Cd>101</Cd>					</Dtls>				</RgltryRptg>				<RmtInf>					<Ustrd>INV.CORR DOUBLE PMT </Ustrd>				</RmtInf>			</CdtTrfTxInf>		</PmtInf>		<PmtInf>			<!-- Same Day Value -->			<PmtInfId>FINA1-3</PmtInfId>			<PmtMtd>TRF</PmtMtd>			<BtchBookg>false</BtchBookg>			<NbOfTxs>1</NbOfTxs>			<PmtTpInf>				<InstrPrty>HIGH</InstrPrty>				<SvcLvl>					<Cd>SDVA</Cd>				</SvcLvl>			</PmtTpInf>			<ReqdExctnDt>2018-12-17</ReqdExctnDt>			<Dbtr>				<Nm>Buyer</Nm>			</Dbtr>			<DbtrAcct>				<Id>					<IBAN>SE3550000000054028206633</IBAN>				</Id>				<Ccy>USD</Ccy>			</DbtrAcct>			<DbtrAgt>				<FinInstnId>					<BIC>ESSESESS</BIC>				</FinInstnId>			</DbtrAgt>			<ChrgBr>SHAR</ChrgBr>			<CdtTrfTxInf>				<PmtId>					<InstrId>FINA1-3</InstrId>					<EndToEndId>FINA1-3</EndToEndId>				</PmtId>				<Amt>					<InstdAmt Ccy="USD">50000.00</InstdAmt>				</Amt>				<CdtrAgt>					<FinInstnId>						<BIC>BARCGB2L</BIC>					</FinInstnId>				</CdtrAgt>				<Cdtr>					<Nm>Surplus EDI</Nm>				</Cdtr>				<CdtrAcct>					<Id>						<IBAN>GB25NWBK60161331256811</IBAN>					</Id>				</CdtrAcct>				<Purp>					<Prtry>SUPP</Prtry>				</Purp>				<RgltryRptg>					<DbtCdtRptgInd>DEBT</DbtCdtRptgInd>					<Dtls>						<Cd>101</Cd>					</Dtls>				</RgltryRptg>				<RmtInf>					<Ustrd>INV.CORR DOUBLE PMT </Ustrd>				</RmtInf>			</CdtTrfTxInf>		</PmtInf>	</CstmrCdtTrfInitn></Document>