<?xml version="1.0" encoding="UTF-8"?>
<!-- SEB ISO 20022 V03 MIG, 7.12.3 Faster Payment -->
<Document xmlns="urn:iso:std:iso:20022:tech:xsd:pain.001.001.03" xmlns:xsi="http://www.w3.org/2001/XMLSchema-instance">
	<CstmrCdtTrfInitn>
		<GrpHdr>
			<MsgId>UKDOMUSTRDFPS</MsgId>
			<CreDtTm>2021-05-10T10:36:29</CreDtTm>
			<NbOfTxs>1</NbOfTxs>
			<CtrlSum>20.00</CtrlSum>
			<InitgPty>
				<Nm>INITG</Nm>
				<Id>
					<OrgId>
						<Othr>
							<Id>00333311110004</Id>
							<SchmeNm>
								<Cd>BANK</Cd>
							</SchmeNm>
						</Othr>
					</OrgId>
				</Id>
			</InitgPty>
		</GrpHdr>
		<PmtInf>
			<PmtInfId>UKDOMUSTRDFPS1</PmtInfId>
			<PmtMtd>TRF</PmtMtd>
			<PmtTpInf>
				<SvcLvl>
					<Cd>URNS</Cd>
				</SvcLvl>
			</PmtTpInf>
			<ReqdExctnDt>2021-05-10</ReqdExctnDt>
			<Dbtr>
				<Nm>DEBTOR</Nm>
			</Dbtr>
			<DbtrAcct>
				<Id>
					<Othr>
						<Id>99434111</Id>
						<SchmeNm>
							<Cd>BBAN</Cd>
						</SchmeNm>
					</Othr>
				</Id>
				<Ccy>GBP</Ccy>
			</DbtrAcct>
			<DbtrAgt>
				<FinInstnId>
					<BIC>ESSEGB2L</BIC>
				</FinInstnId>
			</DbtrAgt>
			<ChrgBr>DEBT</ChrgBr>
			<CdtTrfTxInf>
				<PmtId>
					<InstrId>UKDOMUSTRDFPS11</InstrId>
					<EndToEndId>UKDOMUSTRDFPS11</EndToEndId>
				</PmtId>
				<Amt>
					<InstdAmt Ccy="GBP">20.00</InstdAmt>
				</Amt>
				<CdtrAgt>
					<FinInstnId>
						<ClrSysMmbId>
							<ClrSysId>
								<Cd>GBDSC</Cd>
							</ClrSysId>
							<MmbId>404782</MmbId>
						</ClrSysMmbId>
					</FinInstnId>
				</CdtrAgt>
				<Cdtr>
					<Nm>Creditor Name</Nm>
					<PstlAdr>
						<Ctry>GB</Ctry>
					</PstlAdr>
				</Cdtr>
				<CdtrAcct>
					<Id>
						<Othr>
							<Id>31926819</Id>
							<SchmeNm>
								<Cd>BBAN</Cd>
							</SchmeNm>
						</Othr>
					</Id>
				</CdtrAcct>
				<RmtInf>
					<Ustrd>UK max 140 characters</Ustrd>
				</RmtInf>
			</CdtTrfTxInf>
		</PmtInf>
	</CstmrCdtTrfInitn>
</Document>
