<?xml version="1.0" encoding="UTF-8"?>
<!-- SEB ISO 20022 V03 MIG, 7.10.2  Credit transfer Same day clearing -->
<Document xmlns="urn:iso:std:iso:20022:tech:xsd:pain.001.001.03" xmlns:xsi="http://www.w3.org/2001/XMLSchema-instance">
	<CstmrCdtTrfInitn>
		<GrpHdr>
			<MsgId>SEBBANDOMSTRD</MsgId>
			<CreDtTm>2021-05-10T09:24:07</CreDtTm>
			<NbOfTxs>3</NbOfTxs>
			<CtrlSum>300.00</CtrlSum>
			<InitgPty>
				<Nm>SE COMPANY</Nm>
				<Id>
					<OrgId>
						<Othr>
							<Id>55667755110004</Id>
							<SchmeNm>
								<Cd>BANK</Cd>
							</SchmeNm>
						</Othr>
					</OrgId>
				</Id>
			</InitgPty>
		</GrpHdr>
		<!-- Same day transfer option-->
		<PmtInf>
			<PmtInfId>SEBBANDOMSTRD1</PmtInfId>
			<PmtMtd>TRF</PmtMtd>
			<BtchBookg>true</BtchBookg>
			<PmtTpInf>
				<SvcLvl>
					<Cd>NURG</Cd>
				</SvcLvl>
				<LclInstrm>
					<Cd>SDCL</Cd>
				</LclInstrm>
			</PmtTpInf>
			<ReqdExctnDt>2021-05-10</ReqdExctnDt>
			<Dbtr>
				<Nm>SE COMPANY</Nm>
				<Id>
					<OrgId>
						<Othr>
							<Id>00333311110005</Id>
							<SchmeNm>
								<Cd>BANK</Cd>
							</SchmeNm>
						</Othr>
					</OrgId>
				</Id>
			</Dbtr>
			<DbtrAcct>
				<Id>
					<IBAN>SE1150000000054401060156</IBAN>
				</Id>
				<Ccy>SEK</Ccy>
				<!-- BBAN account format as alternative debtor account 
				<Id>
					<Othr>
						<Id>54401060156</Id>
						<SchmeNm>
							<Cd>BBAN</Cd>
						</SchmeNm>
					</Othr>
				</Id>
				<Ccy>SEK</Ccy>
				-->
			</DbtrAcct>
			<DbtrAgt>
				<FinInstnId>
					<BIC>ESSESESS</BIC>
				</FinInstnId>
			</DbtrAgt>
			<ChrgBr>SHAR</ChrgBr>
			<CdtTrfTxInf>
				<!-- Payment to Nordea in IBAN -->
				<PmtId>
					<InstrId>SEBBANDOMSTRD1</InstrId>
					<EndToEndId>SEBBANDOMSTRD11</EndToEndId>
				</PmtId>
				<Amt>
					<InstdAmt Ccy="SEK">100.00</InstdAmt>
				</Amt>
				<CdtrAgt>
					<FinInstnId>
						<BIC>NDEASESS</BIC>
					</FinInstnId>
				</CdtrAgt>
				<Cdtr>
					<Nm>Test Testsson</Nm>
					<!-- Full name of the Creditor is a must for domestic payments within Sweden -->
					<PstlAdr>
						<StrtNm>Testgatan 4</StrtNm>
						<PstCd>11424</PstCd>
						<TwnNm>STOCKHOLM</TwnNm>
					</PstlAdr>
				</Cdtr>
				<CdtrAcct>
					<Id>
						<IBAN>SE1630000000018101234567</IBAN>
					</Id>
				</CdtrAcct>
				<RmtInf>
					<Ustrd>Max 12 char</Ustrd>
				</RmtInf>
			</CdtTrfTxInf>
			<CdtTrfTxInf>
				<!-- Payment to SEB in IBAN -->
				<PmtId>
					<InstrId>SEBBANDOMSTRD1</InstrId>
					<EndToEndId>SEBBANDOMSTRD11</EndToEndId>
				</PmtId>
				<Amt>
					<InstdAmt Ccy="SEK">100.00</InstdAmt>
				</Amt>
				<CdtrAgt>
					<FinInstnId>
						<BIC>ESSESESS</BIC>
					</FinInstnId>
				</CdtrAgt>
				<Cdtr>
					<Nm>Test Testsson</Nm>
					<!-- Full name of the Creditor is a must for domestic payments within Sweden -->
					<PstlAdr>
						<StrtNm>Testgatan 4</StrtNm>
						<PstCd>11424</PstCd>
						<TwnNm>STOCKHOLM</TwnNm>
					</PstlAdr>
				</Cdtr>
				<CdtrAcct>
					<Id>
						<IBAN>SE8650000000055551012345</IBAN>
					</Id>
				</CdtrAcct>
				<RmtInf>
					<Ustrd>Max 12 char</Ustrd>
				</RmtInf>
			</CdtTrfTxInf>
			<CdtTrfTxInf>
				<!-- Payment to Swedbank in IBAN -->
				<PmtId>
					<InstrId>SEBBANDOMSTRD1</InstrId>
					<EndToEndId>SEBBANDOMSTRD11</EndToEndId>
				</PmtId>
				<Amt>
					<InstdAmt Ccy="SEK">100.00</InstdAmt>
				</Amt>
				<CdtrAgt>
					<FinInstnId>
						<BIC>SWEDSESSXXX</BIC>
					</FinInstnId>
				</CdtrAgt>
				<Cdtr>
					<Nm>Test Testsson</Nm>
					<!-- Full name of the Creditor is a must for domestic payments within Sweden -->
					<PstlAdr>
						<StrtNm>Testgatan 4</StrtNm>
						<PstCd>11424</PstCd>
						<TwnNm>STOCKHOLM</TwnNm>
					</PstlAdr>
				</Cdtr>
				<CdtrAcct>
					<Id>
						<IBAN>SE2980000832791234567890</IBAN>
					</Id>
				</CdtrAcct>
				<RmtInf>
					<Ustrd>Max 12 char</Ustrd>
				</RmtInf>
			</CdtTrfTxInf>
		</PmtInf>
	</CstmrCdtTrfInitn>
</Document>
