<?xml version="1.0" encoding="UTF-8"?><!-- SEB ISO 20022 V03 MIG, 7.10.3 Money Order --><Document xmlns="urn:iso:std:iso:20022:tech:xsd:pain.001.001.03" xmlns:xsi="http://www.w3.org/2001/XMLSchema-instance">	<CstmrCdtTrfInitn>		<GrpHdr>			<MsgId>MSGID-12345678909CHK</MsgId>			<CreDtTm>2021-05-10T09:30:47</CreDtTm>			<NbOfTxs>2</NbOfTxs>			<CtrlSum>900.00</CtrlSum>			<InitgPty>				<Nm>PAYMENT FACTORY</Nm>				<Id>					<OrgId>						<Othr>							<Id>55667755110004</Id>							<SchmeNm>								<Cd>BANK</Cd>							</SchmeNm>						</Othr>					</OrgId>				</Id>			</InitgPty>		</GrpHdr>		<PmtInf>			<PmtInfId>DEBENTID-12345678909CHK</PmtInfId>			<PmtMtd>CHK</PmtMtd>			<BtchBookg>false</BtchBookg>			<PmtTpInf>				<SvcLvl>					<Cd>NURG</Cd>				</SvcLvl>				<LclInstrm>					<Prtry>DO</Prtry>				</LclInstrm>			</PmtTpInf>			<ReqdExctnDt>2021-05-10</ReqdExctnDt>			<Dbtr>				<Nm>DEBTOR</Nm>			</Dbtr>			<DbtrAcct>				<Id>					<Othr>						<Id>12345678</Id>						<SchmeNm>							<Prtry>BGNR</Prtry>						</SchmeNm>					</Othr>				</Id>				<Ccy>SEK</Ccy>				<!-- Bank account as an alternative debtor account 				<Id>					<IBAN>SE7450000000055551012345</IBAN>				</Id>				<Ccy>SEK</Ccy>				-->			</DbtrAcct>			<DbtrAgt>				<FinInstnId>					<ClrSysMmbId>						<ClrSysId>							<Cd>SESBA</Cd>						</ClrSysId>						<MmbId>9900</MmbId>					</ClrSysMmbId>				</FinInstnId>				<!-- BIC can also be used as Debtor Agent for Bankgiro Payments					<FinInstnId>						<BIC>ESSESESS</BIC>					<FinInstnId>				-->			</DbtrAgt>			<ChrgBr>DEBT</ChrgBr>			<CdtTrfTxInf>				<PmtId>					<InstrId>OWNREF-CHK11</InstrId>					<EndToEndId>ENDTOENDID-12345678909CHK</EndToEndId>				</PmtId>				<Amt>					<InstdAmt Ccy="SEK">500.00</InstdAmt>				</Amt>				<ChqInstr>					<ChqTp>BCHQ</ChqTp>				</ChqInstr>				<Cdtr>					<Nm>Test Testsson</Nm>					<PstlAdr>						<StrtNm>Testgatan 14</StrtNm>						<PstCd>12345</PstCd>						<TwnNm>STOCKHOLM</TwnNm>					</PstlAdr>				</Cdtr>				<RmtInf>					<Ustrd>CHK PAYMENT</Ustrd>				</RmtInf>			</CdtTrfTxInf>			<CdtTrfTxInf>				<!-- With c/o address -->				<PmtId>					<InstrId>OWNREF-CHK112</InstrId>					<EndToEndId>ENDTOENDID-12345678909CHK2</EndToEndId>				</PmtId>				<Amt>					<InstdAmt Ccy="SEK">400.00</InstdAmt>				</Amt>				<ChqInstr>					<ChqTp>BCHQ</ChqTp>				</ChqInstr>				<Cdtr>					<Nm>Test Testsson c/o Test Name2</Nm>					<PstlAdr>						<StrtNm>Testgatan 14</StrtNm>						<PstCd>12345</PstCd>						<TwnNm>STOCKHOLM</TwnNm>					</PstlAdr>				</Cdtr>				<RmtInf>					<Ustrd>CHK PAYMENT2</Ustrd>				</RmtInf>			</CdtTrfTxInf>		</PmtInf>	</CstmrCdtTrfInitn></Document>