<?xml version="1.0" encoding="UTF-8"?><!-- SEB ISO 20022 V03 MIG, 7.10.2 7.10.2. Credit transfer --><Document xmlns="urn:iso:std:iso:20022:tech:xsd:pain.001.001.03" xmlns:xsi="http://www.w3.org/2001/XMLSchema-instance">	<CstmrCdtTrfInitn>		<GrpHdr>			<MsgId>MSGID-12345678904</MsgId>			<CreDtTm>2021-05-10T09:30:47</CreDtTm>			<NbOfTxs>2</NbOfTxs>			<CtrlSum>200.00</CtrlSum>			<InitgPty>				<Nm>PAYMENT FACTORY</Nm>				<Id>					<OrgId>						<Othr>							<Id>55667755110004</Id>							<SchmeNm>								<Cd>BANK</Cd>							</SchmeNm>						</Othr>					</OrgId>				</Id>			</InitgPty>		</GrpHdr>		<PmtInf>			<PmtInfId>DEBENTID-12345678904</PmtInfId>			<PmtMtd>TRF</PmtMtd>			<PmtTpInf>				<SvcLvl>					<Prtry>MPNS</Prtry>				</SvcLvl>			</PmtTpInf>			<ReqdExctnDt>2021-05-10</ReqdExctnDt>			<Dbtr>				<Nm>DEBTOR</Nm>				<Id>					<OrgId>						<Othr>							<Id>55667755110004</Id>							<SchmeNm>								<Cd>BANK</Cd>							</SchmeNm>						</Othr>					</OrgId>				</Id>			</Dbtr>			<DbtrAcct>				<Id>					<Othr>						<Id>12345678</Id>						<SchmeNm>							<Prtry>BGNR</Prtry>						</SchmeNm>					</Othr>				</Id>				<Ccy>SEK</Ccy>				<!-- Bank account as an alternative debtor account 				<Id>					<Othr>						<Id>54401060156</Id>						<SchmeNm>							<Cd>BBAN</Cd>						</SchmeNm>					</Othr>				</Id>				<Ccy>SEK</Ccy>				-->			</DbtrAcct>			<DbtrAgt>				<FinInstnId>					<ClrSysMmbId>						<ClrSysId>							<Cd>SESBA</Cd>						</ClrSysId>						<MmbId>9900</MmbId>					</ClrSysMmbId>				</FinInstnId>				<!-- BIC can also be used as Debtor Agent for Bankgiro Payments					<FinInstnId>						<BIC>ESSESESS</BIC>					<FinInstnId>				-->			</DbtrAgt>			<ChrgBr>SHAR</ChrgBr>			<CdtTrfTxInf>				<!-- Payment to Account via Bankgirot to IBAN -->				<PmtId>					<InstrId>SEBBANDOMSTRD1</InstrId>					<EndToEndId>SEBBANDOMSTRD11</EndToEndId>				</PmtId>				<Amt>					<InstdAmt Ccy="SEK">100.00</InstdAmt>				</Amt>				<CdtrAgt>					<FinInstnId>						<BIC>ESSESESS</BIC>					</FinInstnId>				</CdtrAgt>				<Cdtr>					<Nm>Test Testsson</Nm>					<!-- Full name of the Creditor is a must for domestic payments within Sweden -->					<PstlAdr>						<StrtNm>Testgatan 4</StrtNm>						<PstCd>11424</PstCd>						<TwnNm>STOCKHOLM</TwnNm>					</PstlAdr>				</Cdtr>				<CdtrAcct>					<Id>						<IBAN>SE8650000000055551012345</IBAN>					</Id>				</CdtrAcct>				<RmtInf>					<Ustrd>Max 12 char</Ustrd>				</RmtInf>			</CdtTrfTxInf>			<CdtTrfTxInf>				<!-- Payment to Account via Bankgirot in BBAN -->				<PmtId>					<InstrId>SEBBANDOMSTRD2</InstrId>					<EndToEndId>SEBBANDOMSTRD22</EndToEndId>				</PmtId>				<Amt>					<InstdAmt Ccy="SEK">100.00</InstdAmt>				</Amt>				<CdtrAgt>					<FinInstnId>						<ClrSysMmbId>							<ClrSysId>								<Cd>SESBA</Cd>							</ClrSysId>							<MmbId>8327</MmbId>						</ClrSysMmbId>					</FinInstnId>					<!-- BIC can also be used as Creditor Agent for BBAN					<FinInstnId>						<BIC>SWEDSESSXXX</BIC>					<FinInstnId>				-->				</CdtrAgt>				<Cdtr>					<Nm>Test Testsson</Nm>					<!-- Full name of the Creditor is a must for domestic payments within Sweden -->					<PstlAdr>						<StrtNm>Testgatan 4</StrtNm>						<PstCd>11424</PstCd>						<TwnNm>STOCKHOLM</TwnNm>					</PstlAdr>				</Cdtr>				<CdtrAcct>					<Id>						<Othr>							<Id>832791234567890</Id>							<SchmeNm>								<Cd>BBAN</Cd>							</SchmeNm>						</Othr>					</Id>				</CdtrAcct>				<RmtInf>					<Ustrd>Max 12 char</Ustrd>				</RmtInf>			</CdtTrfTxInf>		</PmtInf>	</CstmrCdtTrfInitn></Document>