<?xml version="1.0" encoding="UTF-8"?>
<!-- SEB ISO 20022 V03 MIG, 7.2.1 Credit transfer with structured info with additional remittance information and unstructured info -->
<Document xmlns="urn:iso:std:iso:20022:tech:xsd:pain.001.001.03" xmlns:xsi="http://www.w3.org/2001/XMLSchema-instance">
	<CstmrCdtTrfInitn>
		<GrpHdr>
			<MsgId>MSGID-12345678901</MsgId>
			<CreDtTm>2021-07-31T09:30:47</CreDtTm>
			<NbOfTxs>1</NbOfTxs>
			<CtrlSum>100.00</CtrlSum>
			<InitgPty>
				<Nm>PAYMENT FACTORY</Nm>
				<Id>
					<OrgId>
						<Othr>
							<Id>55667755110004</Id>
							<SchmeNm>
								<Cd>BANK</Cd>
							</SchmeNm>
						</Othr>
					</OrgId>
				</Id>
			</InitgPty>
		</GrpHdr>
		<PmtInf>
			<!-- Credit Transfer with advice -->
			<PmtInfId>DEBENTID-12345678902</PmtInfId>
			<PmtMtd>TRF</PmtMtd>
			<BtchBookg>false</BtchBookg>
			<CtrlSum>100.00</CtrlSum>
			<PmtTpInf>
				<SvcLvl>
					<Cd>NURG</Cd>
				</SvcLvl>
			</PmtTpInf>
			<ReqdExctnDt>2021-07-31</ReqdExctnDt>
			<Dbtr>
				<Nm>DEBTOR</Nm>
				<Id>
					<OrgId>
						<Othr>
							<Id>55667755110004</Id>
							<SchmeNm>
								<Cd>BANK</Cd>
							</SchmeNm>
						</Othr>
					</OrgId>
				</Id>
			</Dbtr>
			<DbtrAcct>
				<Id>
					<IBAN>DK0852950001691104</IBAN>
				</Id>
				<Ccy>DKK</Ccy>
			</DbtrAcct>
			<DbtrAgt>
				<FinInstnId>
					<BIC>ESSEDKKK</BIC>
				</FinInstnId>
			</DbtrAgt>
			<ChrgBr>SHAR</ChrgBr>
			<CdtTrfTxInf>
				<PmtId>
					<InstrId>OWNREF-2</InstrId>
					<EndToEndId>ENDTOENDID-12345678902</EndToEndId>
				</PmtId>
				<Amt>
					<InstdAmt Ccy="DKK">100.00</InstdAmt>
				</Amt>
				<CdtrAgt>
					<FinInstnId>
						<BIC>BBBBDKKK</BIC>
					</FinInstnId>
				</CdtrAgt>
				<Cdtr>
					<Nm>Test A/S</Nm>
					<PstlAdr>
						<StrtNm>Testgatan</StrtNm>
						<BldgNb>103</BldgNb>
						<PstCd>4600</PstCd>
						<TwnNm>Copenhagen</TwnNm>
						<Ctry>DK</Ctry>
					</PstlAdr>
				</Cdtr>
				<CdtrAcct>
					<Id>
						<Othr>
							<Id>20001234567890</Id>
							<SchmeNm>
								<Cd>BBAN</Cd>
							</SchmeNm>
						</Othr>
					</Id>
				</CdtrAcct>
				<RmtInf>
					<Ustrd>FREE TEXT REMITTANCE INFO</Ustrd>
					<Strd>
					<!-- Information to be presented in the Header of the booking on the Creditors account statement (called Posting Text) -->
						<AddtlRmtInf>TEST 12345</AddtlRmtInf>
					</Strd>
				</RmtInf>
			</CdtTrfTxInf>
		</PmtInf>
	</CstmrCdtTrfInitn>
</Document>
