<?xml version="1.0" encoding="UTF-8"?>
<!-- SEB ISO 20022 V03 MIG, 7.12.2 Express (CHAPS) payment -->
<Document xmlns="urn:iso:std:iso:20022:tech:xsd:pain.001.001.03" xmlns:xsi="http://www.w3.org/2001/XMLSchema-instance">
	<CstmrCdtTrfInitn>
		<GrpHdr>
			<MsgId>12345678951151</MsgId>
			<CreDtTm>2021-05-10T09:40:53</CreDtTm>
			<NbOfTxs>1</NbOfTxs>
			<CtrlSum>81.00</CtrlSum>
			<InitgPty>
				<Nm>INITG</Nm>
				<Id>
					<OrgId>
						<Othr>
							<Id>00333311110004</Id>
							<SchmeNm>
								<Cd>BANK</Cd>
							</SchmeNm>
						</Othr>
					</OrgId>
				</Id>
			</InitgPty>
		</GrpHdr>
		<PmtInf>
			<PmtInfId>12345678951151</PmtInfId>
			<PmtMtd>TRF</PmtMtd>
			<PmtTpInf>
				<SvcLvl>
					<Cd>URGP</Cd>
				</SvcLvl>
			</PmtTpInf>
			<ReqdExctnDt>2021-05-10</ReqdExctnDt>
			<Dbtr>
				<Nm>DEBTOR</Nm>
			</Dbtr>
			<DbtrAcct>
				<Id>
					<IBAN>GB35ESSE40486599434111</IBAN>
				</Id>
				<Ccy>GBP</Ccy>
			</DbtrAcct>
			<DbtrAgt>
				<FinInstnId>
					<BIC>ESSEGB2L</BIC>
				</FinInstnId>
			</DbtrAgt>
			<ChrgBr>SHAR</ChrgBr>
			<CdtTrfTxInf>
				<PmtId>
					<InstrId>12345678951151</InstrId>
					<EndToEndId>12345678951151</EndToEndId>
				</PmtId>
				<Amt>
					<InstdAmt Ccy="GBP">81.00</InstdAmt>
				</Amt>
				<CdtrAgt>
					<FinInstnId>
						<BIC>BOFSGBX0</BIC>
					</FinInstnId>
				</CdtrAgt>
				<Cdtr>
					<Nm>Creditor Name</Nm>
					<PstlAdr>
						<Ctry>GB</Ctry>
					</PstlAdr>
				</Cdtr>
				<CdtrAcct>
					<Id>
						<IBAN>GB57BOFS98765400123456</IBAN>
					</Id>
				</CdtrAcct>
				<RmtInf>
					<Ustrd>UK max 140 characters</Ustrd>
				</RmtInf>
			</CdtTrfTxInf>
		</PmtInf>
	</CstmrCdtTrfInitn>
</Document>
