<?xml version="1.0" encoding="UTF-8"?>
<!-- SEB ISO 20022 V03 MIG, 8.1 Salaries in SEK within Sweden -->
<Document xmlns="urn:iso:std:iso:20022:tech:xsd:pain.001.001.03" xmlns:xsi="http://www.w3.org/2001/XMLSchema-instance">
	<CstmrCdtTrfInitn>
		<GrpHdr>
			<MsgId>1110060210</MsgId>
			<CreDtTm>2022-05-06T10:32:00</CreDtTm>
			<NbOfTxs>1</NbOfTxs>
			<CtrlSum>100.00</CtrlSum>
			<InitgPty>
				<Nm>Initiator Name</Nm>
				<Id>
					<OrgId>
						<Othr>
							<Id>00331127800005</Id>
							<SchmeNm>
								<Cd>BANK</Cd>
							</SchmeNm>
						</Othr>
					</OrgId>
				</Id>
			</InitgPty>
		</GrpHdr>
		<PmtInf>
			<!-- Salary for Sweden with Bankgiro number as debit account -->
			<PmtInfId>TEST_202205061_ACC_Z3_Sala</PmtInfId>
			<PmtMtd>TRF</PmtMtd>
			<BtchBookg>true</BtchBookg>
			<NbOfTxs>1</NbOfTxs>
			<PmtTpInf>
				<SvcLvl>
					<Prtry>MPNS</Prtry>
				</SvcLvl>
				<CtgyPurp>
					<Cd>SALA</Cd>
				</CtgyPurp>
			</PmtTpInf>
			<!-- Note!,  refers to the debtor's debit date, not to creditors' credit date as it did in local Bankgiro lön format. The execution date should then be one day prior to the creditor's credit date -->
			<ReqdExctnDt>2022-05-06</ReqdExctnDt>
			<Dbtr>
				<Nm>Debtor Name</Nm>
				<PstlAdr>
					<StrtNm>Testgatan 13</StrtNm>
					<PstCd>98765</PstCd>
					<TwnNm>STOCKHOLM</TwnNm>
					<Ctry>SE</Ctry>
				</PstlAdr>
				<Id>
					<OrgId>
						<Othr>
							<Id>00331127800005</Id>
							<SchmeNm>
								<Cd>BANK</Cd>
							</SchmeNm>
						</Othr>
					</OrgId>
				</Id>
			</Dbtr>
			<DbtrAcct>
				<Id>
					<IBAN>SE1150000000054401060156</IBAN>
				</Id>
				<Ccy>SEK</Ccy>
			</DbtrAcct>
			<DbtrAgt>
				<FinInstnId>
					<BIC>ESSESESS</BIC>
				</FinInstnId>
			</DbtrAgt>
			<ChrgBr>SHAR</ChrgBr>
			<CdtTrfTxInf>
				<PmtId>
					<InstrId>InstrId_202205061_ACCT_1ZX_Sala</InstrId>
					<EndToEndId>EndToEnd_202205061_ACCT_1ZX_Sala</EndToEndId>
				</PmtId>
				<Amt>
					<InstdAmt Ccy="SEK">100.00</InstdAmt>
				</Amt>
				<CdtrAgt>
					<FinInstnId>
						<BIC>NDEASESS</BIC>
					</FinInstnId>
				</CdtrAgt>
				<Cdtr>
				<!-- Note! For Sweden the Creditor Name stated in the pain.001 file will be reflected back in the pain.002 status message in case a Salary payment is accepted or rejected. -->
				<!-- Full name of the Creditor is a must for domestic salaries within Sweden -->
					<Nm>Test Name</Nm>
					<PstlAdr>
						<StrtNm>Testgatan 41</StrtNm>
						<PstCd>12345</PstCd>
						<TwnNm>STOCKHOLM</TwnNm>
						<Ctry>SE</Ctry>
					</PstlAdr>
				</Cdtr>
				<CdtrAcct>
					<Id>
						<IBAN>SE9293000000001234567890</IBAN>
					</Id>
				</CdtrAcct>
				<RmtInf>
					<Ustrd>Lön</Ustrd>
				</RmtInf>
			</CdtTrfTxInf>
		</PmtInf>
	</CstmrCdtTrfInitn>
</Document>
