<?xml version="1.0" encoding="UTF-8"?>
<Document xmlns="urn:iso:std:iso:20022:tech:xsd:camt.054.001.02" xmlns:xsi="http://www.w3.org/2001/XMLSchema-instance" xsi:schemaLocation="urn:iso:std:iso:20022:tech:xsd:camt.054.001.02 file:///C:/Users/s90251/Desktop/files/Template/camt.054.001.02.xsd">
	<BkToCstmrDbtCdtNtfctn>
		<GrpHdr>
			<MsgId>3078797</MsgId>
			<CreDtTm>2018-12-07T23:33:23+01:00</CreDtTm>
			<MsgRcpt>
				<Id>
					<OrgId>
						<Othr>
							<Id>00331127800005</Id>
							<SchmeNm>
								<Cd>BANK</Cd>
							</SchmeNm>
						</Othr>
					</OrgId>
				</Id>
			</MsgRcpt>
			<AddtlInf>/DEBT/</AddtlInf>
		</GrpHdr>
		<Ntfctn>
			<Id>STOIID25181207233113000003</Id>
			<CreDtTm>2018-12-07T23:31:12</CreDtTm>
			<Acct>
				<Id>
					<Othr>
						<Id>54401060156</Id>
						<SchmeNm>
							<Cd>BBAN</Cd>
						</SchmeNm>
					</Othr>
				</Id>
				<Ccy>SEK</Ccy>
				<Ownr>
					<Nm>TEST Customer</Nm>
					<Id>
						<OrgId>
							<Othr>
								<Id>00331127800005</Id>
								<SchmeNm>
									<Cd>BANK</Cd>
								</SchmeNm>
							</Othr>
						</OrgId>
					</Id>
				</Ownr>
				<Svcr>
					<FinInstnId>
						<BIC>ESSESESSXXX</BIC>
					</FinInstnId>
				</Svcr>
			</Acct>
			<RltdAcct>
				<Id>
					<Othr>
						<Id>54401046250</Id>
						<SchmeNm>
							<Cd>BBAN</Cd>
						</SchmeNm>
					</Othr>
				</Id>
			</RltdAcct>
			<TxsSummry>
				<TtlDbtNtries>
					<NbOfNtries>7</NbOfNtries>
					<Sum>217996.70</Sum>
				</TtlDbtNtries>
			</TxsSummry>
			<Ntry>
				<NtryRef>LBE 677-3766-0020999</NtryRef>
				<Amt Ccy="SEK">121883.66</Amt>
				<CdtDbtInd>DBIT</CdtDbtInd>
				<Sts>BOOK</Sts>
				<BookgDt>
					<Dt>2018-12-07</Dt>
				</BookgDt>
				<ValDt>
					<Dt>2018-12-07</Dt>
				</ValDt>
				<AcctSvcrRef>STOI511711144780020695</AcctSvcrRef>
				<BkTxCd>
					<Domn>
						<Cd>PMNT</Cd>
						<Fmly>
							<Cd>ICDT</Cd>
							<SubFmlyCd>ATXN</SubFmlyCd>
						</Fmly>
					</Domn>
					<Prtry>
						<Cd>TRF</Cd>
						<Issr>SWIFT</Issr>
					</Prtry>
				</BkTxCd>
				<NtryDtls>
					<TxDtls>
						<Refs>
							<MsgId>11-SU11S-444-ESSE</MsgId>
							<AcctSvcrRef>STOESI05181130141928213629000001</AcctSvcrRef>
							<PmtInfId>SHB-SEK-5-1C-181207-23-SU11S444</PmtInfId>
							<InstrId>1C-2000025821-0</InstrId>
							<EndToEndId>1C-1811301-35</EndToEndId>
						</Refs>
						<AmtDtls>
							<TxAmt>
								<Amt Ccy="SEK">16875.00</Amt>
							</TxAmt>
						</AmtDtls>
						<RltdPties>
							<Dbtr>
								<Nm>TEST Customer</Nm>
							</Dbtr>
							<DbtrAcct>
								<Id>
									<Othr>
										<Id>9814443</Id>
										<SchmeNm>
											<Prtry>BGNR</Prtry>
										</SchmeNm>
									</Othr>
								</Id>
								<Ccy>SEK</Ccy>
							</DbtrAcct>
							<Cdtr>
								<Nm>Beneficiary</Nm>
							</Cdtr>
							<CdtrAcct>
								<Id>
									<Othr>
										<Id>5353535</Id>
										<SchmeNm>
											<Prtry>BGNR</Prtry>
										</SchmeNm>
									</Othr>
								</Id>
							</CdtrAcct>
						</RltdPties>
						<RltdAgts>
							<DbtrAgt>
								<FinInstnId>
									<Nm>Skandinaviska Enskilda Banken</Nm>
								</FinInstnId>
							</DbtrAgt>
						</RltdAgts>
						<RmtInf>
							<Strd>
								<RfrdDocInf>
									<Tp>
										<CdOrPrtry>
											<Cd>CINV</Cd>
										</CdOrPrtry>
									</Tp>
									<Nb>62273</Nb>
								</RfrdDocInf>
								<RfrdDocAmt>
									<RmtdAmt Ccy="SEK">16875.00</RmtdAmt>
								</RfrdDocAmt>
							</Strd>
						</RmtInf>
					</TxDtls>
					<TxDtls>
						<Refs>
							<MsgId>11-SU11S-444-ESSE</MsgId>
							<AcctSvcrRef>STOESI05181130141928213629000002</AcctSvcrRef>
							<PmtInfId>SHB-SEK-5-1C-181207-23-SU11S444</PmtInfId>
							<InstrId>1C-2000025820-0</InstrId>
							<EndToEndId>1C-1811301-36</EndToEndId>
						</Refs>
						<AmtDtls>
							<TxAmt>
								<Amt Ccy="SEK">16875.00</Amt>
							</TxAmt>
						</AmtDtls>
						<RltdPties>
							<Dbtr>
								<Nm>TEST Customer</Nm>
							</Dbtr>
							<DbtrAcct>
								<Id>
									<Othr>
										<Id>9814443</Id>
										<SchmeNm>
											<Prtry>BGNR</Prtry>
										</SchmeNm>
									</Othr>
								</Id>
								<Ccy>SEK</Ccy>
							</DbtrAcct>
							<Cdtr>
								<Nm>Beneficiary</Nm>
							</Cdtr>
							<CdtrAcct>
								<Id>
									<Othr>
										<Id>5353535</Id>
										<SchmeNm>
											<Prtry>BGNR</Prtry>
										</SchmeNm>
									</Othr>
								</Id>
							</CdtrAcct>
						</RltdPties>
						<RltdAgts>
							<DbtrAgt>
								<FinInstnId>
									<Nm>Skandinaviska Enskilda Banken</Nm>
								</FinInstnId>
							</DbtrAgt>
						</RltdAgts>
						<RmtInf>
							<Strd>
								<RfrdDocInf>
									<Tp>
										<CdOrPrtry>
											<Cd>CINV</Cd>
										</CdOrPrtry>
									</Tp>
									<Nb>67777</Nb>
								</RfrdDocInf>
								<RfrdDocAmt>
									<RmtdAmt Ccy="SEK">16875.00</RmtdAmt>
								</RfrdDocAmt>
							</Strd>
						</RmtInf>
					</TxDtls>
					<TxDtls>
						<Refs>
							<MsgId>11-SU11S-444-ESSE</MsgId>
							<AcctSvcrRef>STOESI05181130141928213629000003</AcctSvcrRef>
							<PmtInfId>SHB-SEK-5-1C-181207-23-SU11S444</PmtInfId>
							<InstrId>1C-2000025834-0</InstrId>
							<EndToEndId>1C-1811301-37</EndToEndId>
						</Refs>
						<AmtDtls>
							<TxAmt>
								<Amt Ccy="SEK">3563.00</Amt>
							</TxAmt>
						</AmtDtls>
						<RltdPties>
							<Dbtr>
								<Nm>TEST Customer</Nm>
							</Dbtr>
							<DbtrAcct>
								<Id>
									<Othr>
										<Id>9814443</Id>
										<SchmeNm>
											<Prtry>BGNR</Prtry>
										</SchmeNm>
									</Othr>
								</Id>
								<Ccy>SEK</Ccy>
							</DbtrAcct>
							<Cdtr>
								<Nm>Beneficiary</Nm>
							</Cdtr>
							<CdtrAcct>
								<Id>
									<Othr>
										<Id>1515151</Id>
										<SchmeNm>
											<Prtry>BGNR</Prtry>
										</SchmeNm>
									</Othr>
								</Id>
							</CdtrAcct>
						</RltdPties>
						<RltdAgts>
							<DbtrAgt>
								<FinInstnId>
									<Nm>Skandinaviska Enskilda Banken</Nm>
								</FinInstnId>
							</DbtrAgt>
						</RltdAgts>
						<RmtInf>
							<Strd>
								<RfrdDocInf>
									<Tp>
										<CdOrPrtry>
											<Cd>CINV</Cd>
										</CdOrPrtry>
									</Tp>
									<Nb>155555</Nb>
								</RfrdDocInf>
								<RfrdDocAmt>
									<RmtdAmt Ccy="SEK">3563.00</RmtdAmt>
								</RfrdDocAmt>
							</Strd>
						</RmtInf>
					</TxDtls>
					<TxDtls>
						<Refs>
							<MsgId>11-SU11S-444-ESSE</MsgId>
							<AcctSvcrRef>STOESI05181130141928213629000004</AcctSvcrRef>
							<PmtInfId>SHB-SEK-5-1C-181207-23-SU11S444</PmtInfId>
							<InstrId>1C-2000025731-0</InstrId>
							<EndToEndId>1C-1811301-41</EndToEndId>
						</Refs>
						<AmtDtls>
							<TxAmt>
								<Amt Ccy="SEK">4951.00</Amt>
							</TxAmt>
						</AmtDtls>
						<RltdPties>
							<Dbtr>
								<Nm>TEST Customer</Nm>
							</Dbtr>
							<DbtrAcct>
								<Id>
									<Othr>
										<Id>9814443</Id>
										<SchmeNm>
											<Prtry>BGNR</Prtry>
										</SchmeNm>
									</Othr>
								</Id>
								<Ccy>SEK</Ccy>
							</DbtrAcct>
							<Cdtr>
								<Nm>Beneficiary</Nm>
							</Cdtr>
							<CdtrAcct>
								<Id>
									<Othr>
										<Id>6161616</Id>
										<SchmeNm>
											<Prtry>BGNR</Prtry>
										</SchmeNm>
									</Othr>
								</Id>
							</CdtrAcct>
						</RltdPties>
						<RltdAgts>
							<DbtrAgt>
								<FinInstnId>
									<Nm>Skandinaviska Enskilda Banken</Nm>
								</FinInstnId>
							</DbtrAgt>
						</RltdAgts>
						<RmtInf>
							<Strd>
								<RfrdDocInf>
									<Tp>
										<CdOrPrtry>
											<Cd>CINV</Cd>
										</CdOrPrtry>
									</Tp>
									<Nb>7323777</Nb>
								</RfrdDocInf>
								<RfrdDocAmt>
									<RmtdAmt Ccy="SEK">4951.00</RmtdAmt>
								</RfrdDocAmt>
							</Strd>
						</RmtInf>
					</TxDtls>
					<TxDtls>
						<Refs>
							<MsgId>11-SU11S-444-ESSE</MsgId>
							<AcctSvcrRef>STOESI05181130141928213629000005</AcctSvcrRef>
							<PmtInfId>SHB-SEK-5-1C-181207-23-SU11S444</PmtInfId>
							<InstrId>1C-2000025836-0</InstrId>
							<EndToEndId>1C-1811301-43</EndToEndId>
						</Refs>
						<AmtDtls>
							<TxAmt>
								<Amt Ccy="SEK">6770.00</Amt>
							</TxAmt>
						</AmtDtls>
						<RltdPties>
							<Dbtr>
								<Nm>TEST Customer</Nm>
							</Dbtr>
							<DbtrAcct>
								<Id>
									<Othr>
										<Id>9814443</Id>
										<SchmeNm>
											<Prtry>BGNR</Prtry>
										</SchmeNm>
									</Othr>
								</Id>
								<Ccy>SEK</Ccy>
							</DbtrAcct>
							<Cdtr>
								<Nm>Beneficiary</Nm>
							</Cdtr>
							<CdtrAcct>
								<Id>
									<Othr>
										<Id>52525252</Id>
										<SchmeNm>
											<Prtry>BGNR</Prtry>
										</SchmeNm>
									</Othr>
								</Id>
							</CdtrAcct>
						</RltdPties>
						<RltdAgts>
							<DbtrAgt>
								<FinInstnId>
									<Nm>Skandinaviska Enskilda Banken</Nm>
								</FinInstnId>
							</DbtrAgt>
						</RltdAgts>
						<RmtInf>
							<Strd>
								<RfrdDocInf>
									<Tp>
										<CdOrPrtry>
											<Cd>CINV</Cd>
										</CdOrPrtry>
									</Tp>
									<Nb>3339999</Nb>
								</RfrdDocInf>
								<RfrdDocAmt>
									<RmtdAmt Ccy="SEK">6770.00</RmtdAmt>
								</RfrdDocAmt>
							</Strd>
						</RmtInf>
					</TxDtls>
					<TxDtls>
						<Refs>
							<MsgId>11-SU11S-444-ESSE</MsgId>
							<AcctSvcrRef>STOESI05181130141928213629000006</AcctSvcrRef>
							<PmtInfId>SHB-SEK-5-1C-181207-23-SU11S444</PmtInfId>
							<InstrId>1C-2000025078-0</InstrId>
							<EndToEndId>1C-1811301-45</EndToEndId>
						</Refs>
						<AmtDtls>
							<TxAmt>
								<Amt Ccy="SEK">12841.66</Amt>
							</TxAmt>
						</AmtDtls>
						<RltdPties>
							<Dbtr>
								<Nm>TEST Customer</Nm>
							</Dbtr>
							<DbtrAcct>
								<Id>
									<Othr>
										<Id>9814443</Id>
										<SchmeNm>
											<Prtry>BGNR</Prtry>
										</SchmeNm>
									</Othr>
								</Id>
								<Ccy>SEK</Ccy>
							</DbtrAcct>
							<Cdtr>
								<Nm>Beneficiary</Nm>
							</Cdtr>
							<CdtrAcct>
								<Id>
									<Othr>
										<Id>53535353</Id>
										<SchmeNm>
											<Prtry>BGNR</Prtry>
										</SchmeNm>
									</Othr>
								</Id>
							</CdtrAcct>
						</RltdPties>
						<RltdAgts>
							<DbtrAgt>
								<FinInstnId>
									<Nm>Skandinaviska Enskilda Banken</Nm>
								</FinInstnId>
							</DbtrAgt>
						</RltdAgts>
						<RmtInf>
							<Strd>
								<RfrdDocInf>
									<Tp>
										<CdOrPrtry>
											<Cd>CINV</Cd>
										</CdOrPrtry>
									</Tp>
									<Nb>2104444444</Nb>
								</RfrdDocInf>
								<RfrdDocAmt>
									<RmtdAmt Ccy="SEK">12841.66</RmtdAmt>
								</RfrdDocAmt>
							</Strd>
						</RmtInf>
					</TxDtls>
					<TxDtls>
						<Refs>
							<MsgId>11-SU11S-444-ESSE</MsgId>
							<AcctSvcrRef>STOESI05181130141928213629000007</AcctSvcrRef>
							<PmtInfId>SHB-SEK-5-1C-181207-23-SU11S444</PmtInfId>
							<InstrId>1C-2000025781-0</InstrId>
							<EndToEndId>1C-1811301-46</EndToEndId>
						</Refs>
						<AmtDtls>
							<TxAmt>
								<Amt Ccy="SEK">82.00</Amt>
							</TxAmt>
						</AmtDtls>
						<RltdPties>
							<Dbtr>
								<Nm>TEST Customer</Nm>
							</Dbtr>
							<DbtrAcct>
								<Id>
									<Othr>
										<Id>9814443</Id>
										<SchmeNm>
											<Prtry>BGNR</Prtry>
										</SchmeNm>
									</Othr>
								</Id>
								<Ccy>SEK</Ccy>
							</DbtrAcct>
							<Cdtr>
								<Nm>Beneficiary</Nm>
							</Cdtr>
							<CdtrAcct>
								<Id>
									<Othr>
										<Id>4444444</Id>
										<SchmeNm>
											<Prtry>BGNR</Prtry>
										</SchmeNm>
									</Othr>
								</Id>
							</CdtrAcct>
						</RltdPties>
						<RltdAgts>
							<DbtrAgt>
								<FinInstnId>
									<Nm>Skandinaviska Enskilda Banken</Nm>
								</FinInstnId>
							</DbtrAgt>
						</RltdAgts>
						<RmtInf>
							<Strd>
								<RfrdDocAmt>
									<RmtdAmt Ccy="SEK">82.00</RmtdAmt>
								</RfrdDocAmt>
								<CdtrRefInf>
									<Tp>
										<CdOrPrtry>
											<Cd>SCOR</Cd>
										</CdOrPrtry>
									</Tp>
									<Ref>693888888888</Ref>
								</CdtrRefInf>
							</Strd>
						</RmtInf>
					</TxDtls>
					<TxDtls>
						<Refs>
							<MsgId>11-SU11S-444-ESSE</MsgId>
							<AcctSvcrRef>STOESI05181130141928213629000008</AcctSvcrRef>
							<PmtInfId>SHB-SEK-5-1C-181207-23-SU11S444</PmtInfId>
							<InstrId>1C-2000025833-0</InstrId>
							<EndToEndId>1C-1811301-48</EndToEndId>
						</Refs>
						<AmtDtls>
							<TxAmt>
								<Amt Ccy="SEK">2450.00</Amt>
							</TxAmt>
						</AmtDtls>
						<RltdPties>
							<Dbtr>
								<Nm>TEST Customer</Nm>
							</Dbtr>
							<DbtrAcct>
								<Id>
									<Othr>
										<Id>9814443</Id>
										<SchmeNm>
											<Prtry>BGNR</Prtry>
										</SchmeNm>
									</Othr>
								</Id>
								<Ccy>SEK</Ccy>
							</DbtrAcct>
							<Cdtr>
								<Nm>Beneficiary</Nm>
							</Cdtr>
							<CdtrAcct>
								<Id>
									<Othr>
										<Id>1313131</Id>
										<SchmeNm>
											<Prtry>BGNR</Prtry>
										</SchmeNm>
									</Othr>
								</Id>
							</CdtrAcct>
						</RltdPties>
						<RltdAgts>
							<DbtrAgt>
								<FinInstnId>
									<Nm>Skandinaviska Enskilda Banken</Nm>
								</FinInstnId>
							</DbtrAgt>
						</RltdAgts>
						<RmtInf>
							<Strd>
								<RfrdDocInf>
									<Tp>
										<CdOrPrtry>
											<Cd>CINV</Cd>
										</CdOrPrtry>
									</Tp>
									<Nb>1022222</Nb>
								</RfrdDocInf>
								<RfrdDocAmt>
									<RmtdAmt Ccy="SEK">2450.00</RmtdAmt>
								</RfrdDocAmt>
							</Strd>
						</RmtInf>
					</TxDtls>
					<TxDtls>
						<Refs>
							<MsgId>11-SU11S-444-ESSE</MsgId>
							<AcctSvcrRef>STOESI05181130141928213629000009</AcctSvcrRef>
							<PmtInfId>SHB-SEK-5-1C-181207-23-SU11S444</PmtInfId>
							<InstrId>1C-2000025787-0</InstrId>
							<EndToEndId>1C-1811301-49</EndToEndId>
						</Refs>
						<AmtDtls>
							<TxAmt>
								<Amt Ccy="SEK">1039.00</Amt>
							</TxAmt>
						</AmtDtls>
						<RltdPties>
							<Dbtr>
								<Nm>TEST Customer</Nm>
							</Dbtr>
							<DbtrAcct>
								<Id>
									<Othr>
										<Id>9814443</Id>
										<SchmeNm>
											<Prtry>BGNR</Prtry>
										</SchmeNm>
									</Othr>
								</Id>
								<Ccy>SEK</Ccy>
							</DbtrAcct>
							<Cdtr>
								<Nm>Beneficiary</Nm>
							</Cdtr>
							<CdtrAcct>
								<Id>
									<Othr>
										<Id>4242424</Id>
										<SchmeNm>
											<Prtry>BGNR</Prtry>
										</SchmeNm>
									</Othr>
								</Id>
							</CdtrAcct>
						</RltdPties>
						<RltdAgts>
							<DbtrAgt>
								<FinInstnId>
									<Nm>Skandinaviska Enskilda Banken</Nm>
								</FinInstnId>
							</DbtrAgt>
						</RltdAgts>
						<RmtInf>
							<Strd>
								<RfrdDocInf>
									<Tp>
										<CdOrPrtry>
											<Cd>CINV</Cd>
										</CdOrPrtry>
									</Tp>
									<Nb>2018999999</Nb>
								</RfrdDocInf>
								<RfrdDocAmt>
									<RmtdAmt Ccy="SEK">1039.00</RmtdAmt>
								</RfrdDocAmt>
							</Strd>
						</RmtInf>
					</TxDtls>
					<TxDtls>
						<Refs>
							<MsgId>11-SU11S-444-ESSE</MsgId>
							<AcctSvcrRef>STOESI05181130141928213629000010</AcctSvcrRef>
							<PmtInfId>SHB-SEK-5-1C-181207-23-SU11S444</PmtInfId>
							<InstrId>1C-2000025835-0</InstrId>
							<EndToEndId>1C-1811301-53</EndToEndId>
						</Refs>
						<AmtDtls>
							<TxAmt>
								<Amt Ccy="SEK">6534.00</Amt>
							</TxAmt>
						</AmtDtls>
						<RltdPties>
							<Dbtr>
								<Nm>TEST Customer</Nm>
							</Dbtr>
							<DbtrAcct>
								<Id>
									<Othr>
										<Id>9814443</Id>
										<SchmeNm>
											<Prtry>BGNR</Prtry>
										</SchmeNm>
									</Othr>
								</Id>
								<Ccy>SEK</Ccy>
							</DbtrAcct>
							<Cdtr>
								<Nm>Beneficiary</Nm>
							</Cdtr>
							<CdtrAcct>
								<Id>
									<Othr>
										<Id>1616161</Id>
										<SchmeNm>
											<Prtry>BGNR</Prtry>
										</SchmeNm>
									</Othr>
								</Id>
							</CdtrAcct>
						</RltdPties>
						<RltdAgts>
							<DbtrAgt>
								<FinInstnId>
									<Nm>Skandinaviska Enskilda Banken</Nm>
								</FinInstnId>
							</DbtrAgt>
						</RltdAgts>
						<RmtInf>
							<Strd>
								<RfrdDocAmt>
									<RmtdAmt Ccy="SEK">6534.00</RmtdAmt>
								</RfrdDocAmt>
								<CdtrRefInf>
									<Tp>
										<CdOrPrtry>
											<Cd>SCOR</Cd>
										</CdOrPrtry>
									</Tp>
									<Ref>1849999999</Ref>
								</CdtrRefInf>
							</Strd>
						</RmtInf>
					</TxDtls>
					<TxDtls>
						<Refs>
							<MsgId>11-SU11S-444-ESSE</MsgId>
							<AcctSvcrRef>STOESI05181130141928213629000011</AcctSvcrRef>
							<PmtInfId>SHB-SEK-5-1C-181207-23-SU11S444</PmtInfId>
							<InstrId>1C-2000025828-0</InstrId>
							<EndToEndId>1C-1811301-54</EndToEndId>
						</Refs>
						<AmtDtls>
							<TxAmt>
								<Amt Ccy="SEK">1276.00</Amt>
							</TxAmt>
						</AmtDtls>
						<RltdPties>
							<Dbtr>
								<Nm>TEST Customer</Nm>
							</Dbtr>
							<DbtrAcct>
								<Id>
									<Othr>
										<Id>9814443</Id>
										<SchmeNm>
											<Prtry>BGNR</Prtry>
										</SchmeNm>
									</Othr>
								</Id>
								<Ccy>SEK</Ccy>
							</DbtrAcct>
							<Cdtr>
								<Nm>Beneficiary</Nm>
							</Cdtr>
							<CdtrAcct>
								<Id>
									<Othr>
										<Id>1616161</Id>
										<SchmeNm>
											<Prtry>BGNR</Prtry>
										</SchmeNm>
									</Othr>
								</Id>
							</CdtrAcct>
						</RltdPties>
						<RltdAgts>
							<DbtrAgt>
								<FinInstnId>
									<Nm>Skandinaviska Enskilda Banken</Nm>
								</FinInstnId>
							</DbtrAgt>
						</RltdAgts>
						<RmtInf>
							<Strd>
								<RfrdDocAmt>
									<RmtdAmt Ccy="SEK">1276.00</RmtdAmt>
								</RfrdDocAmt>
								<CdtrRefInf>
									<Tp>
										<CdOrPrtry>
											<Cd>SCOR</Cd>
										</CdOrPrtry>
									</Tp>
									<Ref>1811111111</Ref>
								</CdtrRefInf>
							</Strd>
						</RmtInf>
					</TxDtls>
					<TxDtls>
						<Refs>
							<MsgId>11-SU11S-444-ESSE</MsgId>
							<AcctSvcrRef>STOESI05181130141928213629000012</AcctSvcrRef>
							<PmtInfId>SHB-SEK-5-1C-181207-23-SU11S444</PmtInfId>
							<InstrId>1C-2000025839-0</InstrId>
							<EndToEndId>1C-1811301-55</EndToEndId>
						</Refs>
						<AmtDtls>
							<TxAmt>
								<Amt Ccy="SEK">2717.00</Amt>
							</TxAmt>
						</AmtDtls>
						<RltdPties>
							<Dbtr>
								<Nm>TEST Customer</Nm>
							</Dbtr>
							<DbtrAcct>
								<Id>
									<Othr>
										<Id>9814443</Id>
										<SchmeNm>
											<Prtry>BGNR</Prtry>
										</SchmeNm>
									</Othr>
								</Id>
								<Ccy>SEK</Ccy>
							</DbtrAcct>
							<Cdtr>
								<Nm>Beneficiary</Nm>
							</Cdtr>
							<CdtrAcct>
								<Id>
									<Othr>
										<Id>1616161</Id>
										<SchmeNm>
											<Prtry>BGNR</Prtry>
										</SchmeNm>
									</Othr>
								</Id>
							</CdtrAcct>
						</RltdPties>
						<RltdAgts>
							<DbtrAgt>
								<FinInstnId>
									<Nm>Skandinaviska Enskilda Banken</Nm>
								</FinInstnId>
							</DbtrAgt>
						</RltdAgts>
						<RmtInf>
							<Strd>
								<RfrdDocAmt>
									<RmtdAmt Ccy="SEK">2717.00</RmtdAmt>
								</RfrdDocAmt>
								<CdtrRefInf>
									<Tp>
										<CdOrPrtry>
											<Cd>SCOR</Cd>
										</CdOrPrtry>
									</Tp>
									<Ref>1847777777</Ref>
								</CdtrRefInf>
							</Strd>
						</RmtInf>
					</TxDtls>
					<TxDtls>
						<Refs>
							<MsgId>11-SU11S-444-ESSE</MsgId>
							<AcctSvcrRef>STOESI05181130141928213629000013</AcctSvcrRef>
							<PmtInfId>SHB-SEK-5-1C-181207-23-SU11S444</PmtInfId>
							<InstrId>1C-2000025840-0</InstrId>
							<EndToEndId>1C-1811301-56</EndToEndId>
						</Refs>
						<AmtDtls>
							<TxAmt>
								<Amt Ccy="SEK">14730.00</Amt>
							</TxAmt>
						</AmtDtls>
						<RltdPties>
							<Dbtr>
								<Nm>TEST Customer</Nm>
							</Dbtr>
							<DbtrAcct>
								<Id>
									<Othr>
										<Id>9814443</Id>
										<SchmeNm>
											<Prtry>BGNR</Prtry>
										</SchmeNm>
									</Othr>
								</Id>
								<Ccy>SEK</Ccy>
							</DbtrAcct>
							<Cdtr>
								<Nm>Beneficiary</Nm>
							</Cdtr>
							<CdtrAcct>
								<Id>
									<Othr>
										<Id>1616161</Id>
										<SchmeNm>
											<Prtry>BGNR</Prtry>
										</SchmeNm>
									</Othr>
								</Id>
							</CdtrAcct>
						</RltdPties>
						<RltdAgts>
							<DbtrAgt>
								<FinInstnId>
									<Nm>Skandinaviska Enskilda Banken</Nm>
								</FinInstnId>
							</DbtrAgt>
						</RltdAgts>
						<RmtInf>
							<Strd>
								<RfrdDocAmt>
									<RmtdAmt Ccy="SEK">14730.00</RmtdAmt>
								</RfrdDocAmt>
								<CdtrRefInf>
									<Tp>
										<CdOrPrtry>
											<Cd>SCOR</Cd>
										</CdOrPrtry>
									</Tp>
									<Ref>1847777777</Ref>
								</CdtrRefInf>
							</Strd>
						</RmtInf>
					</TxDtls>
					<TxDtls>
						<Refs>
							<MsgId>11-SU11S-444-ESSE</MsgId>
							<AcctSvcrRef>STOESI05181130141928213629000014</AcctSvcrRef>
							<PmtInfId>SHB-SEK-5-1C-181207-23-SU11S444</PmtInfId>
							<InstrId>1C-2000025748-0</InstrId>
							<EndToEndId>1C-1811301-57</EndToEndId>
						</Refs>
						<AmtDtls>
							<TxAmt>
								<Amt Ccy="SEK">20149.00</Amt>
							</TxAmt>
						</AmtDtls>
						<RltdPties>
							<Dbtr>
								<Nm>TEST Customer</Nm>
							</Dbtr>
							<DbtrAcct>
								<Id>
									<Othr>
										<Id>9814443</Id>
										<SchmeNm>
											<Prtry>BGNR</Prtry>
										</SchmeNm>
									</Othr>
								</Id>
								<Ccy>SEK</Ccy>
							</DbtrAcct>
							<Cdtr>
								<Nm>Beneficiary</Nm>
							</Cdtr>
							<CdtrAcct>
								<Id>
									<Othr>
										<Id>2828282</Id>
										<SchmeNm>
											<Prtry>BGNR</Prtry>
										</SchmeNm>
									</Othr>
								</Id>
							</CdtrAcct>
						</RltdPties>
						<RltdAgts>
							<DbtrAgt>
								<FinInstnId>
									<Nm>Skandinaviska Enskilda Banken</Nm>
								</FinInstnId>
							</DbtrAgt>
						</RltdAgts>
						<RmtInf>
							<Strd>
								<RfrdDocAmt>
									<RmtdAmt Ccy="SEK">20149.00</RmtdAmt>
								</RfrdDocAmt>
								<CdtrRefInf>
									<Tp>
										<CdOrPrtry>
											<Cd>SCOR</Cd>
										</CdOrPrtry>
									</Tp>
									<Ref>9067777777</Ref>
								</CdtrRefInf>
							</Strd>
						</RmtInf>
					</TxDtls>
					<TxDtls>
						<Refs>
							<MsgId>11-SU11S-444-ESSE</MsgId>
							<AcctSvcrRef>STOESI05181130141928213629000015</AcctSvcrRef>
							<PmtInfId>SHB-SEK-5-1C-181207-23-SU11S444</PmtInfId>
							<InstrId>1C-2000025874-0</InstrId>
							<EndToEndId>1C-1811301-61</EndToEndId>
						</Refs>
						<AmtDtls>
							<TxAmt>
								<Amt Ccy="SEK">319.00</Amt>
							</TxAmt>
						</AmtDtls>
						<RltdPties>
							<Dbtr>
								<Nm>TEST Customer</Nm>
							</Dbtr>
							<DbtrAcct>
								<Id>
									<Othr>
										<Id>9814443</Id>
										<SchmeNm>
											<Prtry>BGNR</Prtry>
										</SchmeNm>
									</Othr>
								</Id>
								<Ccy>SEK</Ccy>
							</DbtrAcct>
							<Cdtr>
								<Nm>Beneficiary</Nm>
							</Cdtr>
							<CdtrAcct>
								<Id>
									<Othr>
										<Id>50505050</Id>
										<SchmeNm>
											<Prtry>BGNR</Prtry>
										</SchmeNm>
									</Othr>
								</Id>
							</CdtrAcct>
						</RltdPties>
						<RltdAgts>
							<DbtrAgt>
								<FinInstnId>
									<Nm>Skandinaviska Enskilda Banken</Nm>
								</FinInstnId>
							</DbtrAgt>
						</RltdAgts>
						<RmtInf>
							<Strd>
								<RfrdDocAmt>
									<RmtdAmt Ccy="SEK">319.00</RmtdAmt>
								</RfrdDocAmt>
								<CdtrRefInf>
									<Tp>
										<CdOrPrtry>
											<Cd>SCOR</Cd>
										</CdOrPrtry>
									</Tp>
									<Ref>596666666666</Ref>
								</CdtrRefInf>
							</Strd>
						</RmtInf>
					</TxDtls>
					<TxDtls>
						<Refs>
							<MsgId>11-SU11S-444-ESSE</MsgId>
							<AcctSvcrRef>STOESI05181130141928213629000016</AcctSvcrRef>
							<PmtInfId>SHB-SEK-5-1C-181207-23-SU11S444</PmtInfId>
							<InstrId>1C-2000025824-0</InstrId>
							<EndToEndId>1C-1811301-64</EndToEndId>
						</Refs>
						<AmtDtls>
							<TxAmt>
								<Amt Ccy="SEK">971.00</Amt>
							</TxAmt>
						</AmtDtls>
						<RltdPties>
							<Dbtr>
								<Nm>TEST Customer</Nm>
							</Dbtr>
							<DbtrAcct>
								<Id>
									<Othr>
										<Id>9814443</Id>
										<SchmeNm>
											<Prtry>BGNR</Prtry>
										</SchmeNm>
									</Othr>
								</Id>
								<Ccy>SEK</Ccy>
							</DbtrAcct>
							<Cdtr>
								<Nm>Beneficiary</Nm>
							</Cdtr>
							<CdtrAcct>
								<Id>
									<Othr>
										<Id>50505050</Id>
										<SchmeNm>
											<Prtry>BGNR</Prtry>
										</SchmeNm>
									</Othr>
								</Id>
							</CdtrAcct>
						</RltdPties>
						<RltdAgts>
							<DbtrAgt>
								<FinInstnId>
									<Nm>Skandinaviska Enskilda Banken</Nm>
								</FinInstnId>
							</DbtrAgt>
						</RltdAgts>
						<RmtInf>
							<Strd>
								<RfrdDocAmt>
									<RmtdAmt Ccy="SEK">971.00</RmtdAmt>
								</RfrdDocAmt>
								<CdtrRefInf>
									<Tp>
										<CdOrPrtry>
											<Cd>SCOR</Cd>
										</CdOrPrtry>
									</Tp>
									<Ref>5238888888888</Ref>
								</CdtrRefInf>
							</Strd>
						</RmtInf>
					</TxDtls>
					<TxDtls>
						<Refs>
							<MsgId>11-SU11S-444-ESSE</MsgId>
							<AcctSvcrRef>STOESI05181130141928213629000017</AcctSvcrRef>
							<PmtInfId>SHB-SEK-5-1C-181207-23-SU11S444</PmtInfId>
							<InstrId>1C-2000025830-0</InstrId>
							<EndToEndId>1C-1811301-70</EndToEndId>
						</Refs>
						<AmtDtls>
							<TxAmt>
								<Amt Ccy="SEK">2345.00</Amt>
							</TxAmt>
						</AmtDtls>
						<RltdPties>
							<Dbtr>
								<Nm>TEST Customer</Nm>
							</Dbtr>
							<DbtrAcct>
								<Id>
									<Othr>
										<Id>9814443</Id>
										<SchmeNm>
											<Prtry>BGNR</Prtry>
										</SchmeNm>
									</Othr>
								</Id>
								<Ccy>SEK</Ccy>
							</DbtrAcct>
							<Cdtr>
								<Nm>Beneficiary</Nm>
							</Cdtr>
							<CdtrAcct>
								<Id>
									<Othr>
										<Id>55555555</Id>
										<SchmeNm>
											<Prtry>BGNR</Prtry>
										</SchmeNm>
									</Othr>
								</Id>
							</CdtrAcct>
						</RltdPties>
						<RltdAgts>
							<DbtrAgt>
								<FinInstnId>
									<Nm>Skandinaviska Enskilda Banken</Nm>
								</FinInstnId>
							</DbtrAgt>
						</RltdAgts>
						<RmtInf>
							<Strd>
								<RfrdDocInf>
									<Tp>
										<CdOrPrtry>
											<Cd>CINV</Cd>
										</CdOrPrtry>
									</Tp>
									<Nb>588888</Nb>
								</RfrdDocInf>
								<RfrdDocAmt>
									<RmtdAmt Ccy="SEK">2345.00</RmtdAmt>
								</RfrdDocAmt>
							</Strd>
						</RmtInf>
					</TxDtls>
					<TxDtls>
						<Refs>
							<MsgId>11-SU11S-444-ESSE</MsgId>
							<AcctSvcrRef>STOESI05181130141928213629000018</AcctSvcrRef>
							<PmtInfId>SHB-SEK-5-1C-181207-23-SU11S444</PmtInfId>
							<InstrId>1C-2000025832-0</InstrId>
							<EndToEndId>1C-1811301-71</EndToEndId>
						</Refs>
						<AmtDtls>
							<TxAmt>
								<Amt Ccy="SEK">7396.00</Amt>
							</TxAmt>
						</AmtDtls>
						<RltdPties>
							<Dbtr>
								<Nm>TEST Customer</Nm>
							</Dbtr>
							<DbtrAcct>
								<Id>
									<Othr>
										<Id>9814443</Id>
										<SchmeNm>
											<Prtry>BGNR</Prtry>
										</SchmeNm>
									</Othr>
								</Id>
								<Ccy>SEK</Ccy>
							</DbtrAcct>
							<Cdtr>
								<Nm>Beneficiary</Nm>
							</Cdtr>
							<CdtrAcct>
								<Id>
									<Othr>
										<Id>55555555</Id>
										<SchmeNm>
											<Prtry>BGNR</Prtry>
										</SchmeNm>
									</Othr>
								</Id>
							</CdtrAcct>
						</RltdPties>
						<RltdAgts>
							<DbtrAgt>
								<FinInstnId>
									<Nm>Skandinaviska Enskilda Banken</Nm>
								</FinInstnId>
							</DbtrAgt>
						</RltdAgts>
						<RmtInf>
							<Strd>
								<RfrdDocInf>
									<Tp>
										<CdOrPrtry>
											<Cd>CINV</Cd>
										</CdOrPrtry>
									</Tp>
									<Nb>598888</Nb>
								</RfrdDocInf>
								<RfrdDocAmt>
									<RmtdAmt Ccy="SEK">7396.00</RmtdAmt>
								</RfrdDocAmt>
							</Strd>
						</RmtInf>
					</TxDtls>
				</NtryDtls>
			</Ntry>
			<Ntry>
				<NtryRef>0020712</NtryRef>
				<Amt Ccy="SEK">866.00</Amt>
				<CdtDbtInd>DBIT</CdtDbtInd>
				<Sts>BOOK</Sts>
				<BookgDt>
					<Dt>2018-12-07</Dt>
				</BookgDt>
				<ValDt>
					<Dt>2018-12-07</Dt>
				</ValDt>
				<AcctSvcrRef>STOI511711144780020712</AcctSvcrRef>
				<BkTxCd>
					<Domn>
						<Cd>PMNT</Cd>
						<Fmly>
							<Cd>ICDT</Cd>
							<SubFmlyCd>DMCT</SubFmlyCd>
						</Fmly>
					</Domn>
					<Prtry>
						<Cd>TRF</Cd>
						<Issr>SWIFT</Issr>
					</Prtry>
				</BkTxCd>
				<NtryDtls>
					<TxDtls>
						<Refs>
							<AcctSvcrRef>STONCM01181206142007096707000001</AcctSvcrRef>
							<PmtInfId>187777</PmtInfId>
						</Refs>
						<AmtDtls>
							<TxAmt>
								<Amt Ccy="SEK">866.00</Amt>
							</TxAmt>
						</AmtDtls>
						<RltdPties>
							<Dbtr>
								<Nm>TEST Customer</Nm>
							</Dbtr>
							<CdtrAcct>
								<Id>
									<Othr>
										<Id>38383838383</Id>
										<SchmeNm>
											<Cd>BBAN</Cd>
										</SchmeNm>
									</Othr>
								</Id>
							</CdtrAcct>
						</RltdPties>
						<RltdAgts>
							<DbtrAgt>
								<FinInstnId>
									<Nm>Skandinaviska Enskilda Banken</Nm>
								</FinInstnId>
							</DbtrAgt>
						</RltdAgts>
						<RmtInf>
							<Ustrd>8161861</Ustrd>
						</RmtInf>
					</TxDtls>
				</NtryDtls>
			</Ntry>
			<Ntry>
				<NtryRef>0020720</NtryRef>
				<Amt Ccy="SEK">4407.00</Amt>
				<CdtDbtInd>DBIT</CdtDbtInd>
				<Sts>BOOK</Sts>
				<BookgDt>
					<Dt>2018-12-07</Dt>
				</BookgDt>
				<ValDt>
					<Dt>2018-12-07</Dt>
				</ValDt>
				<AcctSvcrRef>STOI511711144780020720</AcctSvcrRef>
				<BkTxCd>
					<Domn>
						<Cd>PMNT</Cd>
						<Fmly>
							<Cd>ICDT</Cd>
							<SubFmlyCd>ATXN</SubFmlyCd>
						</Fmly>
					</Domn>
					<Prtry>
						<Cd>TRF</Cd>
						<Issr>SWIFT</Issr>
					</Prtry>
				</BkTxCd>
				<NtryDtls>
					<TxDtls>
						<Refs>
							<AcctSvcrRef>STONCM01181206141823096549000001</AcctSvcrRef>
							<PmtInfId>814616131681</PmtInfId>
							<InstrId>070814299104</InstrId>
						</Refs>
						<AmtDtls>
							<TxAmt>
								<Amt Ccy="SEK">4407.00</Amt>
							</TxAmt>
						</AmtDtls>
						<RltdPties>
							<Dbtr>
								<Nm>TEST Customer</Nm>
							</Dbtr>
							<Cdtr>
								<Nm>Beneficiary</Nm>
							</Cdtr>
							<CdtrAcct>
								<Id>
									<Othr>
										<Id>9595959</Id>
										<SchmeNm>
											<Prtry>BGNR</Prtry>
										</SchmeNm>
									</Othr>
								</Id>
							</CdtrAcct>
						</RltdPties>
						<RltdAgts>
							<DbtrAgt>
								<FinInstnId>
									<Nm>Skandinaviska Enskilda Banken</Nm>
								</FinInstnId>
							</DbtrAgt>
						</RltdAgts>
						<RmtInf>
							<Ustrd>4530501</Ustrd>
						</RmtInf>
					</TxDtls>
				</NtryDtls>
			</Ntry>
			<Ntry>
				<NtryRef>0020728</NtryRef>
				<Amt Ccy="SEK">35093.30</Amt>
				<CdtDbtInd>DBIT</CdtDbtInd>
				<Sts>BOOK</Sts>
				<BookgDt>
					<Dt>2018-12-07</Dt>
				</BookgDt>
				<ValDt>
					<Dt>2018-12-07</Dt>
				</ValDt>
				<AcctSvcrRef>STOI511711144780020728</AcctSvcrRef>
				<BkTxCd>
					<Domn>
						<Cd>PMNT</Cd>
						<Fmly>
							<Cd>ICDT</Cd>
							<SubFmlyCd>ESCT</SubFmlyCd>
						</Fmly>
					</Domn>
					<Prtry>
						<Cd>TRF</Cd>
						<Issr>SWIFT</Issr>
					</Prtry>
				</BkTxCd>
				<NtryDtls>
					<TxDtls>
						<Refs>
							<MsgId>11-SU11S-451-ESSE</MsgId>
							<AcctSvcrRef>STOESI05181207132714520206000002</AcctSvcrRef>
							<PmtInfId>SHB-SEK-1-1C-181207-6-SU11S451</PmtInfId>
							<InstrId>1C-2000026124-0</InstrId>
							<EndToEndId>1C-1812074-8</EndToEndId>
						</Refs>
						<AmtDtls>
							<InstdAmt>
								<Amt Ccy="EUR">3400.00</Amt>
							</InstdAmt>
							<TxAmt>
								<Amt Ccy="SEK">35093.30</Amt>
								<CcyXchg>
									<SrcCcy>EUR</SrcCcy>
									<TrgtCcy>SEK</TrgtCcy>
									<UnitCcy>EUR</UnitCcy>
									<XchgRate>10.321558</XchgRate>
								</CcyXchg>
							</TxAmt>
							<PrtryAmt>
								<Tp>IBS</Tp>
								<Amt Ccy="EUR">3400.00</Amt>
							</PrtryAmt>
						</AmtDtls>
						<RltdPties>
							<Dbtr>
								<Nm>TEST Customer</Nm>
							</Dbtr>
							<Cdtr>
								<Nm>Beneficiary</Nm>
							</Cdtr>
							<CdtrAcct>
								<Id>
									<IBAN>LU210088888888888888</IBAN>
								</Id>
							</CdtrAcct>
						</RltdPties>
						<RltdAgts>
							<DbtrAgt>
								<FinInstnId>
									<Nm>Skandinaviska Enskilda Banken</Nm>
								</FinInstnId>
							</DbtrAgt>
							<CdtrAgt>
								<FinInstnId>
									<BIC>BILLLULLXXX</BIC>
								</FinInstnId>
							</CdtrAgt>
						</RltdAgts>
						<RmtInf>
							<Ustrd>977719-9</Ustrd>
						</RmtInf>
					</TxDtls>
				</NtryDtls>
			</Ntry>
			<Ntry>
				<NtryRef>0020729</NtryRef>
				<Amt Ccy="SEK">25700.68</Amt>
				<CdtDbtInd>DBIT</CdtDbtInd>
				<Sts>BOOK</Sts>
				<BookgDt>
					<Dt>2018-12-07</Dt>
				</BookgDt>
				<ValDt>
					<Dt>2018-12-07</Dt>
				</ValDt>
				<AcctSvcrRef>STOI511711144780020729</AcctSvcrRef>
				<BkTxCd>
					<Domn>
						<Cd>PMNT</Cd>
						<Fmly>
							<Cd>ICDT</Cd>
							<SubFmlyCd>ESCT</SubFmlyCd>
						</Fmly>
					</Domn>
					<Prtry>
						<Cd>TRF</Cd>
						<Issr>SWIFT</Issr>
					</Prtry>
				</BkTxCd>
				<NtryDtls>
					<TxDtls>
						<Refs>
							<MsgId>11-SU11S-451-ESSE</MsgId>
							<AcctSvcrRef>STOESI05181207132714520206000001</AcctSvcrRef>
							<PmtInfId>SHB-SEK-1-1C-181207-6-SU11S451</PmtInfId>
							<InstrId>1C-2000026096-0</InstrId>
							<EndToEndId>1C-1812074-7</EndToEndId>
						</Refs>
						<AmtDtls>
							<InstdAmt>
								<Amt Ccy="EUR">2490.00</Amt>
							</InstdAmt>
							<TxAmt>
								<Amt Ccy="SEK">25700.68</Amt>
								<CcyXchg>
									<SrcCcy>EUR</SrcCcy>
									<TrgtCcy>SEK</TrgtCcy>
									<UnitCcy>EUR</UnitCcy>
									<XchgRate>10.321558</XchgRate>
								</CcyXchg>
							</TxAmt>
							<PrtryAmt>
								<Tp>IBS</Tp>
								<Amt Ccy="EUR">2490.00</Amt>
							</PrtryAmt>
						</AmtDtls>
						<RltdPties>
							<Dbtr>
								<Nm>TEST Customer</Nm>
							</Dbtr>
							<Cdtr>
								<Nm>Beneficiary</Nm>
							</Cdtr>
							<CdtrAcct>
								<Id>
									<IBAN>LU210088888888888888</IBAN>
								</Id>
							</CdtrAcct>
						</RltdPties>
						<RltdAgts>
							<DbtrAgt>
								<FinInstnId>
									<Nm>Skandinaviska Enskilda Banken</Nm>
								</FinInstnId>
							</DbtrAgt>
							<CdtrAgt>
								<FinInstnId>
									<BIC>BILLLULLXXX</BIC>
								</FinInstnId>
							</CdtrAgt>
						</RltdAgts>
						<RmtInf>
							<Ustrd>ORT119-35</Ustrd>
						</RmtInf>
					</TxDtls>
				</NtryDtls>
			</Ntry>
			<Ntry>
				<NtryRef>0020731</NtryRef>
				<Amt Ccy="SEK">26732.84</Amt>
				<CdtDbtInd>DBIT</CdtDbtInd>
				<Sts>BOOK</Sts>
				<BookgDt>
					<Dt>2018-12-07</Dt>
				</BookgDt>
				<ValDt>
					<Dt>2018-12-07</Dt>
				</ValDt>
				<AcctSvcrRef>STOI511711144780020731</AcctSvcrRef>
				<BkTxCd>
					<Domn>
						<Cd>PMNT</Cd>
						<Fmly>
							<Cd>ICDT</Cd>
							<SubFmlyCd>ESCT</SubFmlyCd>
						</Fmly>
					</Domn>
					<Prtry>
						<Cd>TRF</Cd>
						<Issr>SWIFT</Issr>
					</Prtry>
				</BkTxCd>
				<NtryDtls>
					<TxDtls>
						<Refs>
							<MsgId>11-SU11S-451-ESSE</MsgId>
							<AcctSvcrRef>STOESI05181207132714520206000003</AcctSvcrRef>
							<PmtInfId>SHB-SEK-1-1C-181207-6-SU11S451</PmtInfId>
							<InstrId>1C-2000026139-0</InstrId>
							<EndToEndId>1C-1812074-9</EndToEndId>
						</Refs>
						<AmtDtls>
							<InstdAmt>
								<Amt Ccy="EUR">2590.00</Amt>
							</InstdAmt>
							<TxAmt>
								<Amt Ccy="SEK">26732.84</Amt>
								<CcyXchg>
									<SrcCcy>EUR</SrcCcy>
									<TrgtCcy>SEK</TrgtCcy>
									<UnitCcy>EUR</UnitCcy>
									<XchgRate>10.321558</XchgRate>
								</CcyXchg>
							</TxAmt>
							<PrtryAmt>
								<Tp>IBS</Tp>
								<Amt Ccy="EUR">2590.00</Amt>
							</PrtryAmt>
						</AmtDtls>
						<RltdPties>
							<Dbtr>
								<Nm>TEST Customer</Nm>
							</Dbtr>
							<Cdtr>
								<Nm>Beneficiary</Nm>
							</Cdtr>
							<CdtrAcct>
								<Id>
									<IBAN>LU2100888888888888888</IBAN>
								</Id>
							</CdtrAcct>
						</RltdPties>
						<RltdAgts>
							<DbtrAgt>
								<FinInstnId>
									<Nm>Skandinaviska Enskilda Banken</Nm>
								</FinInstnId>
							</DbtrAgt>
							<CdtrAgt>
								<FinInstnId>
									<BIC>BILLLULLXXX</BIC>
								</FinInstnId>
							</CdtrAgt>
						</RltdAgts>
						<RmtInf>
							<Ustrd>CAR319L-28</Ustrd>
						</RmtInf>
					</TxDtls>
				</NtryDtls>
			</Ntry>
			<Ntry>
				<NtryRef>0020733</NtryRef>
				<Amt Ccy="SEK">3313.22</Amt>
				<CdtDbtInd>DBIT</CdtDbtInd>
				<Sts>BOOK</Sts>
				<BookgDt>
					<Dt>2018-12-07</Dt>
				</BookgDt>
				<ValDt>
					<Dt>2018-12-07</Dt>
				</ValDt>
				<AcctSvcrRef>STOI511711144780020733</AcctSvcrRef>
				<BkTxCd>
					<Domn>
						<Cd>PMNT</Cd>
						<Fmly>
							<Cd>ICDT</Cd>
							<SubFmlyCd>ESCT</SubFmlyCd>
						</Fmly>
					</Domn>
					<Prtry>
						<Cd>TRF</Cd>
						<Issr>SWIFT</Issr>
					</Prtry>
				</BkTxCd>
				<NtryDtls>
					<TxDtls>
						<Refs>
							<MsgId>11-SU11S-451-ESSE</MsgId>
							<AcctSvcrRef>STOESI05181207132714520206000004</AcctSvcrRef>
							<PmtInfId>SHB-SEK-1-1C-181207-6-SU11S451</PmtInfId>
							<InstrId>1C-2000026255-0</InstrId>
							<EndToEndId>1C-1812074-10</EndToEndId>
						</Refs>
						<AmtDtls>
							<InstdAmt>
								<Amt Ccy="EUR">321.00</Amt>
							</InstdAmt>
							<TxAmt>
								<Amt Ccy="SEK">3313.22</Amt>
								<CcyXchg>
									<SrcCcy>EUR</SrcCcy>
									<TrgtCcy>SEK</TrgtCcy>
									<UnitCcy>EUR</UnitCcy>
									<XchgRate>10.321558</XchgRate>
								</CcyXchg>
							</TxAmt>
							<PrtryAmt>
								<Tp>IBS</Tp>
								<Amt Ccy="EUR">321.00</Amt>
							</PrtryAmt>
						</AmtDtls>
						<RltdPties>
							<Dbtr>
								<Nm>TEST Customer</Nm>
							</Dbtr>
							<Cdtr>
								<Nm>Beneficiary</Nm>
							</Cdtr>
							<CdtrAcct>
								<Id>
									<IBAN>DE08888888888888888888</IBAN>
								</Id>
							</CdtrAcct>
						</RltdPties>
						<RltdAgts>
							<DbtrAgt>
								<FinInstnId>
									<Nm>Skandinaviska Enskilda Banken</Nm>
								</FinInstnId>
							</DbtrAgt>
							<CdtrAgt>
								<FinInstnId>
									<BIC>WELADED1PMB</BIC>
								</FinInstnId>
							</CdtrAgt>
						</RltdAgts>
						<RmtInf>
							<Ustrd>201811707</Ustrd>
						</RmtInf>
					</TxDtls>
				</NtryDtls>
			</Ntry>
		</Ntfctn>
		<Ntfctn>
			<Id>STOIID25181207233112000004</Id>
			<CreDtTm>2018-12-07T23:31:12</CreDtTm>
			<Acct>
				<Id>
					<Othr>
						<Id>54401044614</Id>
						<SchmeNm>
							<Cd>BBAN</Cd>
						</SchmeNm>
					</Othr>
				</Id>
				<Ccy>SEK</Ccy>
				<Ownr>
					<Nm>TEST Customer</Nm>
					<Id>
						<OrgId>
							<Othr>
								<Id>00331127800005</Id>
								<SchmeNm>
									<Cd>BANK</Cd>
								</SchmeNm>
							</Othr>
						</OrgId>
					</Id>
				</Ownr>
				<Svcr>
					<FinInstnId>
						<BIC>ESSESESSXXX</BIC>
					</FinInstnId>
				</Svcr>
			</Acct>
			<RltdAcct>
				<Id>
					<Othr>
						<Id>54401046250</Id>
						<SchmeNm>
							<Cd>BBAN</Cd>
						</SchmeNm>
					</Othr>
				</Id>
			</RltdAcct>
			<TxsSummry>
				<TtlDbtNtries>
					<NbOfNtries>2</NbOfNtries>
					<Sum>40728.41</Sum>
				</TtlDbtNtries>
			</TxsSummry>
			<Ntry>
				<NtryRef>LBE 658-4536-0003333</NtryRef>
				<Amt Ccy="SEK">8052.00</Amt>
				<CdtDbtInd>DBIT</CdtDbtInd>
				<Sts>BOOK</Sts>
				<BookgDt>
					<Dt>2018-12-07</Dt>
				</BookgDt>
				<ValDt>
					<Dt>2018-12-07</Dt>
				</ValDt>
				<AcctSvcrRef>STOI511711143460005301</AcctSvcrRef>
				<BkTxCd>
					<Domn>
						<Cd>PMNT</Cd>
						<Fmly>
							<Cd>ICDT</Cd>
							<SubFmlyCd>ATXN</SubFmlyCd>
						</Fmly>
					</Domn>
					<Prtry>
						<Cd>TRF</Cd>
						<Issr>SWIFT</Issr>
					</Prtry>
				</BkTxCd>
				<NtryDtls>
					<TxDtls>
						<Refs>
							<MsgId>11-SU11S-444-ESSE</MsgId>
							<AcctSvcrRef>STOESI05181130141928213638000001</AcctSvcrRef>
							<PmtInfId>SHB-SEK-5-1T-181207-50-SU11S444</PmtInfId>
							<InstrId>1T-2000001229-0</InstrId>
							<EndToEndId>1T-1811301-171</EndToEndId>
						</Refs>
						<AmtDtls>
							<TxAmt>
								<Amt Ccy="SEK">2037.00</Amt>
							</TxAmt>
						</AmtDtls>
						<RltdPties>
							<Dbtr>
								<Nm>TEST Customer</Nm>
							</Dbtr>
							<DbtrAcct>
								<Id>
									<Othr>
										<Id>9814443</Id>
										<SchmeNm>
											<Prtry>BGNR</Prtry>
										</SchmeNm>
									</Othr>
								</Id>
								<Ccy>SEK</Ccy>
							</DbtrAcct>
							<Cdtr>
								<Nm>Beneficiary</Nm>
							</Cdtr>
							<CdtrAcct>
								<Id>
									<Othr>
										<Id>9898989</Id>
										<SchmeNm>
											<Prtry>BGNR</Prtry>
										</SchmeNm>
									</Othr>
								</Id>
							</CdtrAcct>
						</RltdPties>
						<RmtInf>
							<Strd>
								<RfrdDocInf>
									<Tp>
										<CdOrPrtry>
											<Cd>CREN</Cd>
										</CdOrPrtry>
									</Tp>
									<Nb>766888</Nb>
								</RfrdDocInf>
								<RfrdDocAmt>
									<CdtNoteAmt Ccy="SEK">306.00</CdtNoteAmt>
								</RfrdDocAmt>
							</Strd>
							<Strd>
								<RfrdDocInf>
									<Tp>
										<CdOrPrtry>
											<Cd>CINV</Cd>
										</CdOrPrtry>
									</Tp>
									<Nb>0486666</Nb>
								</RfrdDocInf>
								<RfrdDocAmt>
									<RmtdAmt Ccy="SEK">2343.00</RmtdAmt>
								</RfrdDocAmt>
							</Strd>
						</RmtInf>
					</TxDtls>
					<TxDtls>
						<Refs>
							<MsgId>11-SU11S-444-ESSE</MsgId>
							<AcctSvcrRef>STOESI05181130141928213638000002</AcctSvcrRef>
							<PmtInfId>SHB-SEK-5-1T-181207-50-SU11S444</PmtInfId>
							<InstrId>1T-2000001450-0</InstrId>
							<EndToEndId>1T-1811301-173</EndToEndId>
						</Refs>
						<AmtDtls>
							<TxAmt>
								<Amt Ccy="SEK">3431.00</Amt>
							</TxAmt>
						</AmtDtls>
						<RltdPties>
							<Dbtr>
								<Nm>TEST Customer</Nm>
							</Dbtr>
							<DbtrAcct>
								<Id>
									<Othr>
										<Id>9814443</Id>
										<SchmeNm>
											<Prtry>BGNR</Prtry>
										</SchmeNm>
									</Othr>
								</Id>
								<Ccy>SEK</Ccy>
							</DbtrAcct>
							<Cdtr>
								<Nm>Beneficiary</Nm>
							</Cdtr>
							<CdtrAcct>
								<Id>
									<Othr>
										<Id>5151515</Id>
										<SchmeNm>
											<Prtry>BGNR</Prtry>
										</SchmeNm>
									</Othr>
								</Id>
							</CdtrAcct>
						</RltdPties>
						<RmtInf>
							<Strd>
								<RfrdDocInf>
									<Tp>
										<CdOrPrtry>
											<Cd>CINV</Cd>
										</CdOrPrtry>
									</Tp>
									<Nb>1616161</Nb>
								</RfrdDocInf>
								<RfrdDocAmt>
									<RmtdAmt Ccy="SEK">3431.00</RmtdAmt>
								</RfrdDocAmt>
							</Strd>
						</RmtInf>
					</TxDtls>
					<TxDtls>
						<Refs>
							<MsgId>11-SU11S-444-ESSE</MsgId>
							<AcctSvcrRef>STOESI05181130141928213638000003</AcctSvcrRef>
							<PmtInfId>SHB-SEK-5-1T-181207-50-SU11S444</PmtInfId>
							<InstrId>1T-2000001449-0</InstrId>
							<EndToEndId>1T-1811301-178</EndToEndId>
						</Refs>
						<AmtDtls>
							<TxAmt>
								<Amt Ccy="SEK">2584.00</Amt>
							</TxAmt>
						</AmtDtls>
						<RltdPties>
							<Dbtr>
								<Nm>TEST Customer</Nm>
							</Dbtr>
							<DbtrAcct>
								<Id>
									<Othr>
										<Id>9814443</Id>
										<SchmeNm>
											<Prtry>BGNR</Prtry>
										</SchmeNm>
									</Othr>
								</Id>
								<Ccy>SEK</Ccy>
							</DbtrAcct>
							<Cdtr>
								<Nm>Beneficiary</Nm>
							</Cdtr>
							<CdtrAcct>
								<Id>
									<Othr>
										<Id>6565656</Id>
										<SchmeNm>
											<Prtry>BGNR</Prtry>
										</SchmeNm>
									</Othr>
								</Id>
							</CdtrAcct>
						</RltdPties>
						<RmtInf>
							<Strd>
								<RfrdDocInf>
									<Tp>
										<CdOrPrtry>
											<Cd>CINV</Cd>
										</CdOrPrtry>
									</Tp>
									<Nb>188888</Nb>
								</RfrdDocInf>
								<RfrdDocAmt>
									<RmtdAmt Ccy="SEK">2584.00</RmtdAmt>
								</RfrdDocAmt>
							</Strd>
						</RmtInf>
					</TxDtls>
				</NtryDtls>
			</Ntry>
			<Ntry>
				<NtryRef>0005309</NtryRef>
				<Amt Ccy="SEK">32676.41</Amt>
				<CdtDbtInd>DBIT</CdtDbtInd>
				<Sts>BOOK</Sts>
				<BookgDt>
					<Dt>2018-12-07</Dt>
				</BookgDt>
				<ValDt>
					<Dt>2018-12-07</Dt>
				</ValDt>
				<AcctSvcrRef>STOI511711143460005309</AcctSvcrRef>
				<BkTxCd>
					<Domn>
						<Cd>PMNT</Cd>
						<Fmly>
							<Cd>ICDT</Cd>
							<SubFmlyCd>ESCT</SubFmlyCd>
						</Fmly>
					</Domn>
					<Prtry>
						<Cd>TRF</Cd>
						<Issr>SWIFT</Issr>
					</Prtry>
				</BkTxCd>
				<NtryDtls>
					<TxDtls>
						<Refs>
							<MsgId>11-SU11S-451-ESSE</MsgId>
							<AcctSvcrRef>STOESI05181207132715520207000001</AcctSvcrRef>
							<PmtInfId>SHB-SEK-1-1T-181207-8-SU11S451</PmtInfId>
							<InstrId>1T-2000001489-0</InstrId>
							<EndToEndId>1T-1812074-12</EndToEndId>
						</Refs>
						<AmtDtls>
							<InstdAmt>
								<Amt Ccy="EUR">3166.24</Amt>
							</InstdAmt>
							<TxAmt>
								<Amt Ccy="SEK">32676.41</Amt>
								<CcyXchg>
									<SrcCcy>EUR</SrcCcy>
									<TrgtCcy>SEK</TrgtCcy>
									<UnitCcy>EUR</UnitCcy>
									<XchgRate>10.320258</XchgRate>
								</CcyXchg>
							</TxAmt>
							<PrtryAmt>
								<Tp>IBS</Tp>
								<Amt Ccy="EUR">3166.24</Amt>
							</PrtryAmt>
						</AmtDtls>
						<RltdPties>
							<Dbtr>
								<Nm>TEST Customer</Nm>
							</Dbtr>
							<Cdtr>
								<Nm>Beneficiary</Nm>
							</Cdtr>
							<CdtrAcct>
								<Id>
									<IBAN>IT95E0222222222222222222222</IBAN>
								</Id>
							</CdtrAcct>
						</RltdPties>
						<RltdAgts>
							<DbtrAgt>
								<FinInstnId>
									<Nm>Skandinaviska Enskilda Banken</Nm>
								</FinInstnId>
							</DbtrAgt>
							<CdtrAgt>
								<FinInstnId>
									<BIC>BPMOIT22XXX</BIC>
								</FinInstnId>
							</CdtrAgt>
						</RltdAgts>
						<RmtInf>
							<Ustrd>2018-11-29</Ustrd>
						</RmtInf>
					</TxDtls>
				</NtryDtls>
			</Ntry>
		</Ntfctn>
		<Ntfctn>
			<Id>STOIID25181207233115000007</Id>
			<CreDtTm>2018-12-07T23:31:12</CreDtTm>
			<Acct>
				<Id>
					<Othr>
						<Id>52018263137</Id>
						<SchmeNm>
							<Cd>BBAN</Cd>
						</SchmeNm>
					</Othr>
				</Id>
				<Ccy>EUR</Ccy>
				<Ownr>
					<Nm>TEST Customer</Nm>
					<Id>
						<OrgId>
							<Othr>
								<Id>00331127800005</Id>
								<SchmeNm>
									<Cd>BANK</Cd>
								</SchmeNm>
							</Othr>
						</OrgId>
					</Id>
				</Ownr>
				<Svcr>
					<FinInstnId>
						<BIC>ESSESESSXXX</BIC>
					</FinInstnId>
				</Svcr>
			</Acct>
			<RltdAcct>
				<Id>
					<Othr>
						<Id>54401046250</Id>
						<SchmeNm>
							<Cd>BBAN</Cd>
						</SchmeNm>
					</Othr>
				</Id>
			</RltdAcct>
			<TxsSummry>
				<TtlDbtNtries>
					<NbOfNtries>3</NbOfNtries>
					<Sum>23770</Sum>
				</TtlDbtNtries>
			</TxsSummry>
			<Ntry>
				<NtryRef>0000917</NtryRef>
				<Amt Ccy="EUR">15374.00</Amt>
				<CdtDbtInd>DBIT</CdtDbtInd>
				<Sts>BOOK</Sts>
				<BookgDt>
					<Dt>2018-12-07</Dt>
				</BookgDt>
				<ValDt>
					<Dt>2018-12-07</Dt>
				</ValDt>
				<AcctSvcrRef>STOV56968226723000917</AcctSvcrRef>
				<BkTxCd>
					<Domn>
						<Cd>PMNT</Cd>
						<Fmly>
							<Cd>ICDT</Cd>
							<SubFmlyCd>ESCT</SubFmlyCd>
						</Fmly>
					</Domn>
					<Prtry>
						<Cd>TRF</Cd>
						<Issr>SWIFT</Issr>
					</Prtry>
				</BkTxCd>
				<NtryDtls>
					<TxDtls>
						<Refs>
							<MsgId>11-SU11S-445-ESSE</MsgId>
							<AcctSvcrRef>STOESI05181130141927213569000001</AcctSvcrRef>
							<PmtInfId>EUR-1-11-181207-5-SU11S445</PmtInfId>
							<InstrId>11-2000009897-0</InstrId>
							<EndToEndId>11-1811304-1</EndToEndId>
						</Refs>
						<AmtDtls>
							<TxAmt>
								<Amt Ccy="EUR">15374.00</Amt>
							</TxAmt>
						</AmtDtls>
						<RltdPties>
							<Dbtr>
								<Nm>TEST Customer</Nm>
							</Dbtr>
							<Cdtr>
								<Nm>Beneficiary</Nm>
							</Cdtr>
							<CdtrAcct>
								<Id>
									<IBAN>GB91NWBK55555555555555</IBAN>
								</Id>
							</CdtrAcct>
						</RltdPties>
						<RltdAgts>
							<DbtrAgt>
								<FinInstnId>
									<Nm>Skandinaviska Enskilda Banken</Nm>
								</FinInstnId>
							</DbtrAgt>
							<CdtrAgt>
								<FinInstnId>
									<BIC>NWBKGB2LXXX</BIC>
								</FinInstnId>
							</CdtrAgt>
						</RltdAgts>
						<RmtInf>
							<Ustrd>271899</Ustrd>
						</RmtInf>
					</TxDtls>
				</NtryDtls>
			</Ntry>
			<Ntry>
				<NtryRef>0000918</NtryRef>
				<Amt Ccy="EUR">6196.00</Amt>
				<CdtDbtInd>DBIT</CdtDbtInd>
				<Sts>BOOK</Sts>
				<BookgDt>
					<Dt>2018-12-07</Dt>
				</BookgDt>
				<ValDt>
					<Dt>2018-12-07</Dt>
				</ValDt>
				<AcctSvcrRef>STOV56968226723000918</AcctSvcrRef>
				<BkTxCd>
					<Domn>
						<Cd>PMNT</Cd>
						<Fmly>
							<Cd>ICDT</Cd>
							<SubFmlyCd>ESCT</SubFmlyCd>
						</Fmly>
					</Domn>
					<Prtry>
						<Cd>TRF</Cd>
						<Issr>SWIFT</Issr>
					</Prtry>
				</BkTxCd>
				<NtryDtls>
					<TxDtls>
						<Refs>
							<MsgId>11-SU11S-451-ESSE</MsgId>
							<AcctSvcrRef>STOESI05181207132714520205000002</AcctSvcrRef>
							<PmtInfId>EUR-1-11-181207-1-SU11S451</PmtInfId>
							<InstrId>11-2000010249-0</InstrId>
							<EndToEndId>11-1812074-3</EndToEndId>
						</Refs>
						<AmtDtls>
							<TxAmt>
								<Amt Ccy="EUR">6196.00</Amt>
							</TxAmt>
						</AmtDtls>
						<RltdPties>
							<Dbtr>
								<Nm>TEST Customer</Nm>
							</Dbtr>
							<Cdtr>
								<Nm>Beneficiary</Nm>
							</Cdtr>
							<CdtrAcct>
								<Id>
									<IBAN>FR7611111111111111111111111</IBAN>
								</Id>
							</CdtrAcct>
						</RltdPties>
						<RltdAgts>
							<DbtrAgt>
								<FinInstnId>
									<Nm>Skandinaviska Enskilda Banken</Nm>
								</FinInstnId>
							</DbtrAgt>
							<CdtrAgt>
								<FinInstnId>
									<BIC>CCBPFRPPMTG</BIC>
								</FinInstnId>
							</CdtrAgt>
						</RltdAgts>
						<RmtInf>
							<Ustrd>303011444</Ustrd>
						</RmtInf>
					</TxDtls>
				</NtryDtls>
			</Ntry>
			<Ntry>
				<NtryRef>0000919</NtryRef>
				<Amt Ccy="EUR">2200.00</Amt>
				<CdtDbtInd>DBIT</CdtDbtInd>
				<Sts>BOOK</Sts>
				<BookgDt>
					<Dt>2018-12-07</Dt>
				</BookgDt>
				<ValDt>
					<Dt>2018-12-07</Dt>
				</ValDt>
				<AcctSvcrRef>STOV56968226723000919</AcctSvcrRef>
				<BkTxCd>
					<Domn>
						<Cd>PMNT</Cd>
						<Fmly>
							<Cd>ICDT</Cd>
							<SubFmlyCd>ESCT</SubFmlyCd>
						</Fmly>
					</Domn>
					<Prtry>
						<Cd>TRF</Cd>
						<Issr>SWIFT</Issr>
					</Prtry>
				</BkTxCd>
				<NtryDtls>
					<TxDtls>
						<Refs>
							<MsgId>11-SU11S-451-ESSE</MsgId>
							<AcctSvcrRef>STOESI05181207132714520205000001</AcctSvcrRef>
							<PmtInfId>EUR-1-11-181207-1-SU11S451</PmtInfId>
							<InstrId>11-2000010284-0</InstrId>
							<EndToEndId>11-1812074-2</EndToEndId>
						</Refs>
						<AmtDtls>
							<TxAmt>
								<Amt Ccy="EUR">2200.00</Amt>
							</TxAmt>
						</AmtDtls>
						<RltdPties>
							<Dbtr>
								<Nm>TEST Customer</Nm>
							</Dbtr>
							<Cdtr>
								<Nm>Benficiary</Nm>
							</Cdtr>
							<CdtrAcct>
								<Id>
									<IBAN>ES4444444444444444444444</IBAN>
								</Id>
							</CdtrAcct>
						</RltdPties>
						<RltdAgts>
							<DbtrAgt>
								<FinInstnId>
									<Nm>Skandinaviska Enskilda Banken</Nm>
								</FinInstnId>
							</DbtrAgt>
							<CdtrAgt>
								<FinInstnId>
									<BIC>INGDESMMXXX</BIC>
								</FinInstnId>
							</CdtrAgt>
						</RltdAgts>
						<RmtInf>
							<Ustrd>001318</Ustrd>
						</RmtInf>
					</TxDtls>
				</NtryDtls>
			</Ntry>
		</Ntfctn>
	</BkToCstmrDbtCdtNtfctn>
</Document>
