<?xml version="1.0" encoding="UTF-8"?>
<Document xmlns="urn:iso:std:iso:20022:tech:xsd:camt.054.001.02" xmlns:xsi="http://www.w3.org/2001/XMLSchema-instance" xsi:schemaLocation="urn:iso:std:iso:20022:tech:xsd:camt.054.001.02 file:///C:/Users/s90251/Desktop/files/Template/camt.054.001.02.xsd">
	<BkToCstmrDbtCdtNtfctn>
		<GrpHdr>
			<MsgId>3103194</MsgId>
			<CreDtTm>2018-12-12T15:33:23+01:00</CreDtTm>
			<MsgRcpt>
				<Id>
					<OrgId>
						<Othr>
							<Id>00331127800005</Id>
							<SchmeNm>
								<Cd>BANK</Cd>
							</SchmeNm>
						</Othr>
					</OrgId>
				</Id>
			</MsgRcpt>
			<AddtlInf>/CRED/</AddtlInf>
		</GrpHdr>
		<Ntfctn>
			<Id>STOIID25181212153144000004</Id>
			<CreDtTm>2018-12-12T15:31:44</CreDtTm>
			<Acct>
				<Id>
					<Othr>
						<Id>97501521764</Id>
						<SchmeNm>
							<Cd>BBAN</Cd>
						</SchmeNm>
					</Othr>
				</Id>
				<Ccy>NOK</Ccy>
				<Ownr>
					<Nm>TEST Customer</Nm>
					<Id>
						<OrgId>
							<Othr>
								<Id>00331127800005</Id>
								<SchmeNm>
									<Cd>BANK</Cd>
								</SchmeNm>
							</Othr>
						</OrgId>
					</Id>
				</Ownr>
				<Svcr>
					<FinInstnId>
						<BIC>ESSENOKXXXX</BIC>
					</FinInstnId>
				</Svcr>
			</Acct>
			<RltdAcct>
				<Id>
					<Othr>
						<Id>97501510371</Id>
						<SchmeNm>
							<Cd>BBAN</Cd>
						</SchmeNm>
					</Othr>
				</Id>
			</RltdAcct>
			<TxsSummry>
				<TtlCdtNtries>
					<NbOfNtries>4</NbOfNtries>
					<Sum>267283.92</Sum>
				</TtlCdtNtries>
			</TxsSummry>
			<Ntry>
				<NtryRef>OSL 18121137812-0000001</NtryRef>
				<Amt Ccy="NOK">240000.00</Amt>
				<CdtDbtInd>CRDT</CdtDbtInd>
				<Sts>BOOK</Sts>
				<BookgDt>
					<Dt>2018-12-11</Dt>
				</BookgDt>
				<ValDt>
					<Dt>2018-12-11</Dt>
				</ValDt>
				<AcctSvcrRef>OSL 18121137812-0000001</AcctSvcrRef>
				<BkTxCd>
					<Domn>
						<Cd>PMNT</Cd>
						<Fmly>
							<Cd>RCDT</Cd>
							<SubFmlyCd>ATXN</SubFmlyCd>
						</Fmly>
					</Domn>
					<Prtry>
						<Cd>TRF</Cd>
						<Issr>SWIFT</Issr>
					</Prtry>
				</BkTxCd>
				<NtryDtls>
					<TxDtls>
						<Refs>
							<MsgId>2018121115360050</MsgId>
							<AcctSvcrRef>OSLNEI01181211154608384118000001</AcctSvcrRef>
						</Refs>
						<AmtDtls>
							<TxAmt>
								<Amt Ccy="NOK">240000.00</Amt>
							</TxAmt>
						</AmtDtls>
						<RltdPties>
							<Dbtr>
								<Nm>Debtor</Nm>
								<PstlAdr>
									<PstCd>Postal code</PstCd>
									<TwnNm>Town name</TwnNm>
									<AdrLine>Line 1</AdrLine>
								</PstlAdr>
							</Dbtr>
							<DbtrAcct>
								<Id>
									<Othr>
										<Id>15151515151</Id>
										<SchmeNm>
											<Cd>BBAN</Cd>
										</SchmeNm>
									</Othr>
								</Id>
							</DbtrAcct>
							<Cdtr>
								<Nm>TEST Customer</Nm>
							</Cdtr>
						</RltdPties>
						<RmtInf>
							<Ustrd>Ref 183000993 TEST Customer</Ustrd>
							<Ustrd>183000993</Ustrd>
						</RmtInf>
					</TxDtls>
				</NtryDtls>
				<AddtlNtryInf>08011933257</AddtlNtryInf>
			</Ntry>
			<Ntry>
				<NtryRef>OSL 18121151293-0000006</NtryRef>
				<Amt Ccy="NOK">4893.62</Amt>
				<CdtDbtInd>CRDT</CdtDbtInd>
				<Sts>BOOK</Sts>
				<BookgDt>
					<Dt>2018-12-11</Dt>
				</BookgDt>
				<ValDt>
					<Dt>2018-12-11</Dt>
				</ValDt>
				<AcctSvcrRef>OSL 18121151293-0000006</AcctSvcrRef>
				<BkTxCd>
					<Domn>
						<Cd>PMNT</Cd>
						<Fmly>
							<Cd>RCDT</Cd>
							<SubFmlyCd>ATXN</SubFmlyCd>
						</Fmly>
					</Domn>
					<Prtry>
						<Cd>TRF</Cd>
						<Issr>SWIFT</Issr>
					</Prtry>
				</BkTxCd>
				<NtryDtls>
					<TxDtls>
						<Refs>
							<MsgId>2018121115360050</MsgId>
							<AcctSvcrRef>OSLNEI01181211154608384122000001</AcctSvcrRef>
						</Refs>
						<AmtDtls>
							<TxAmt>
								<Amt Ccy="NOK">4893.62</Amt>
							</TxAmt>
						</AmtDtls>
						<RltdPties>
							<Dbtr>
								<Nm>Debtor</Nm>
								<PstlAdr>
									<PstCd>Postal code</PstCd>
									<TwnNm>Town name</TwnNm>
									<AdrLine>Line 1</AdrLine>
								</PstlAdr>
							</Dbtr>
							<DbtrAcct>
								<Id>
									<Othr>
										<Id>70707070707</Id>
										<SchmeNm>
											<Cd>BBAN</Cd>
										</SchmeNm>
									</Othr>
								</Id>
							</DbtrAcct>
							<Cdtr>
								<Nm>TEST Customer</Nm>
							</Cdtr>
						</RltdPties>
						<RmtInf>
							<Strd>
								<RfrdDocInf>
									<Tp>
										<CdOrPrtry>
											<Cd>CINV</Cd>
										</CdOrPrtry>
									</Tp>
									<Nb>181818181</Nb>
								</RfrdDocInf>
								<RfrdDocAmt>
									<RmtdAmt Ccy="NOK">4893.62</RmtdAmt>
								</RfrdDocAmt>
							</Strd>
						</RmtInf>
					</TxDtls>
				</NtryDtls>
				<AddtlNtryInf>08011965892</AddtlNtryInf>
			</Ntry>
			<Ntry>
				<NtryRef>OSL 18121218445-0000003</NtryRef>
				<Amt Ccy="NOK">2739.37</Amt>
				<CdtDbtInd>CRDT</CdtDbtInd>
				<Sts>BOOK</Sts>
				<BookgDt>
					<Dt>2018-12-12</Dt>
				</BookgDt>
				<ValDt>
					<Dt>2018-12-12</Dt>
				</ValDt>
				<AcctSvcrRef>OSL 18121218445-0000003</AcctSvcrRef>
				<BkTxCd>
					<Domn>
						<Cd>PMNT</Cd>
						<Fmly>
							<Cd>RCDT</Cd>
							<SubFmlyCd>XBCT</SubFmlyCd>
						</Fmly>
					</Domn>
					<Prtry>
						<Cd>TRF</Cd>
						<Issr>SWIFT</Issr>
					</Prtry>
				</BkTxCd>
				<NtryDtls>
					<TxDtls>
						<Refs>
							<MsgId>NDEANOKKXXX40639</MsgId>
							<AcctSvcrRef>OSLXMT01201812120544018445000001</AcctSvcrRef>
						</Refs>
						<AmtDtls>
							<TxAmt>
								<Amt Ccy="NOK">2739.37</Amt>
							</TxAmt>
						</AmtDtls>
						<RltdPties>
							<Dbtr>
								<Nm>Debtor</Nm>
								<PstlAdr>
									<AdrLine>Line 1</AdrLine>
									<AdrLine>Line 2</AdrLine>
								</PstlAdr>
							</Dbtr>
							<Cdtr>
								<Nm>TEST Customer</Nm>
							</Cdtr>
						</RltdPties>
						<RltdAgts>
							<DbtrAgt>
								<FinInstnId>
									<BIC>NDEANOKK</BIC>
									<Nm>NORDEA BANK ABP, FILIAL I NORGE</Nm>
								</FinInstnId>
							</DbtrAgt>
						</RltdAgts>
						<RmtInf>
							<Ustrd>180007027</Ustrd>
						</RmtInf>
					</TxDtls>
				</NtryDtls>
				<AddtlNtryInf>6798UBBII952056</AddtlNtryInf>
			</Ntry>
			<Ntry>
				<NtryRef>OSL 18121254082-0000006</NtryRef>
				<Amt Ccy="NOK">19650.93</Amt>
				<CdtDbtInd>CRDT</CdtDbtInd>
				<Sts>BOOK</Sts>
				<BookgDt>
					<Dt>2018-12-12</Dt>
				</BookgDt>
				<ValDt>
					<Dt>2018-12-12</Dt>
				</ValDt>
				<AcctSvcrRef>OSL 18121254082-0000006</AcctSvcrRef>
				<BkTxCd>
					<Domn>
						<Cd>PMNT</Cd>
						<Fmly>
							<Cd>RCDT</Cd>
							<SubFmlyCd>XBCT</SubFmlyCd>
						</Fmly>
					</Domn>
					<Prtry>
						<Cd>TRF</Cd>
						<Issr>SWIFT</Issr>
					</Prtry>
				</BkTxCd>
				<NtryDtls>
					<TxDtls>
						<Refs>
							<MsgId>DNBANOKKXXX95478</MsgId>
							<AcctSvcrRef>OSLXMT01201812121410054082000001</AcctSvcrRef>
						</Refs>
						<AmtDtls>
							<TxAmt>
								<Amt Ccy="NOK">19650.93</Amt>
							</TxAmt>
						</AmtDtls>
						<RltdPties>
							<Dbtr>
								<Nm>Debtor</Nm>
								<PstlAdr>
									<AdrLine>Line 1</AdrLine>
									<AdrLine>Line 2</AdrLine>
								</PstlAdr>
							</Dbtr>
							<Cdtr>
								<Nm>TEST Customer</Nm>
							</Cdtr>
						</RltdPties>
						<RltdAgts>
							<DbtrAgt>
								<FinInstnId>
									<BIC>DNBANOKK</BIC>
									<Nm>DNB BANK ASA</Nm>
								</FinInstnId>
							</DbtrAgt>
						</RltdAgts>
						<RmtInf>
							<Ustrd>180006572</Ustrd>
						</RmtInf>
					</TxDtls>
				</NtryDtls>
				<AddtlNtryInf>7906NOO20710224</AddtlNtryInf>
			</Ntry>
		</Ntfctn>
	</BkToCstmrDbtCdtNtfctn>
</Document>
