<?xml version="1.0" encoding="UTF-8"?>
<Document xmlns="urn:iso:std:iso:20022:tech:xsd:camt.053.001.02" xmlns:xsi="http://www.w3.org/2001/XMLSchema-instance" xsi:schemaLocation="urn:iso:std:iso:20022:tech:xsd:camt.053.001.02 file:///C:/Users/s90251/Desktop/files/Template/camt.053.001.02.xsd">
	<BkToCstmrStmt>
		<GrpHdr>
			<MsgId>3048666</MsgId>
			<CreDtTm>2018-12-04T03:05:39+01:00</CreDtTm>
			<MsgRcpt>
				<Id>
					<OrgId>
						<Othr>
							<Id>00331127800005</Id>
							<SchmeNm>
								<Cd>BANK</Cd>
							</SchmeNm>
						</Othr>
					</OrgId>
				</Id>
			</MsgRcpt>
		</GrpHdr>
		<Stmt>
			<Id>STOIID45181204030432000027</Id>
			<ElctrncSeqNb>234</ElctrncSeqNb>
			<LglSeqNb>234</LglSeqNb>
			<CreDtTm>2018-12-04T03:04:32+01:00</CreDtTm>
			<FrToDt>
				<FrDtTm>2018-12-03T00:00:00+01:00</FrDtTm>
				<ToDtTm>2018-12-03T23:59:59+01:00</ToDtTm>
			</FrToDt>
			<Acct>
				<Id>
					<Othr>
						<Id>54401060156</Id>
						<SchmeNm>
							<Cd>BBAN</Cd>
						</SchmeNm>
					</Othr>
				</Id>
				<Ccy>SEK</Ccy>
				<Ownr>
					<Nm>TEST Customer</Nm>
					<Id>
						<OrgId>
							<Othr>
								<Id>00331127800005</Id>
								<SchmeNm>
									<Cd>BANK</Cd>
								</SchmeNm>
							</Othr>
						</OrgId>
					</Id>
				</Ownr>
				<Svcr>
					<FinInstnId>
						<BIC>ESSESESSXXX</BIC>
					</FinInstnId>
				</Svcr>
			</Acct>
			<RltdAcct>
				<Id>
					<Othr>
						<Id>54401106091</Id>
						<SchmeNm>
							<Cd>BBAN</Cd>
						</SchmeNm>
					</Othr>
				</Id>
			</RltdAcct>
			<Intrst>
				<Tp>
					<Cd>OVRN</Cd>
				</Tp>
				<Rate>
					<Tp>
						<Pctg>0.8</Pctg>
					</Tp>
					<VldtyRg>
						<Amt>
							<FrToAmt>
								<FrAmt>
									<BdryAmt>0.00</BdryAmt>
									<Incl>true</Incl>
								</FrAmt>
								<ToAmt>
									<BdryAmt>40000000.00</BdryAmt>
									<Incl>true</Incl>
								</ToAmt>
							</FrToAmt>
						</Amt>
						<CdtDbtInd>DBIT</CdtDbtInd>
						<Ccy>SEK</Ccy>
					</VldtyRg>
				</Rate>
			</Intrst>
			<Intrst>
				<Tp>
					<Cd>OVRN</Cd>
				</Tp>
				<Rate>
					<Tp>
						<Pctg>8</Pctg>
					</Tp>
					<VldtyRg>
						<Amt>
							<FrAmt>
								<BdryAmt>40000000.00</BdryAmt>
								<Incl>false</Incl>
							</FrAmt>
						</Amt>
						<CdtDbtInd>DBIT</CdtDbtInd>
						<Ccy>SEK</Ccy>
					</VldtyRg>
				</Rate>
			</Intrst>
			<Bal>
				<Tp>
					<CdOrPrtry>
						<Cd>OPBD</Cd>
					</CdOrPrtry>
				</Tp>
				<Amt Ccy="SEK">10228724.23</Amt>
				<CdtDbtInd>CRDT</CdtDbtInd>
				<Dt>
					<Dt>2018-12-03</Dt>
				</Dt>
			</Bal>
			<Bal>
				<Tp>
					<CdOrPrtry>
						<Cd>CLBD</Cd>
					</CdOrPrtry>
				</Tp>
				<CdtLine>
					<Incl>false</Incl>
					<Amt Ccy="SEK">40000000</Amt>
				</CdtLine>
				<Amt Ccy="SEK">10592299.22</Amt>
				<CdtDbtInd>CRDT</CdtDbtInd>
				<Dt>
					<Dt>2018-12-03</Dt>
				</Dt>
			</Bal>
			<Bal>
				<Tp>
					<CdOrPrtry>
						<Cd>CLAV</Cd>
					</CdOrPrtry>
				</Tp>
				<CdtLine>
					<Incl>false</Incl>
					<Amt Ccy="SEK">40000000</Amt>
				</CdtLine>
				<Amt Ccy="SEK">10592299.22</Amt>
				<CdtDbtInd>CRDT</CdtDbtInd>
				<Dt>
					<Dt>2018-12-03</Dt>
				</Dt>
			</Bal>
			<Bal>
				<Tp>
					<CdOrPrtry>
						<Cd>FWAV</Cd>
					</CdOrPrtry>
				</Tp>
				<Amt Ccy="SEK">10592299.22</Amt>
				<CdtDbtInd>CRDT</CdtDbtInd>
				<Dt>
					<Dt>2018-12-04</Dt>
				</Dt>
			</Bal>
			<TxsSummry>
				<TtlCdtNtries>
					<NbOfNtries>1</NbOfNtries>
					<Sum>68660.33</Sum>
				</TtlCdtNtries>
			</TxsSummry>
			<Ntry>
				<NtryRef>AG 00054-0037577</NtryRef>
				<Amt Ccy="SEK">68660.33</Amt>
				<CdtDbtInd>CRDT</CdtDbtInd>
				<Sts>BOOK</Sts>
				<BookgDt>
					<Dt>2018-12-03</Dt>
				</BookgDt>
				<ValDt>
					<Dt>2018-12-03</Dt>
				</ValDt>
				<AcctSvcrRef>STOI556510508760037577</AcctSvcrRef>
				<BkTxCd>
					<Domn>
						<Cd>PMNT</Cd>
						<Fmly>
							<Cd>IDDT</Cd>
							<SubFmlyCd>PMDD</SubFmlyCd>
						</Fmly>
					</Domn>
					<Prtry>
						<Cd>DDT</Cd>
						<Issr>SWIFT</Issr>
					</Prtry>
				</BkTxCd>
				<NtryDtls>
					<TxDtls>
						<Refs>
							<MsgId>1002122513</MsgId>
							<AcctSvcrRef>STOESI05181130092351199960000001</AcctSvcrRef>
							<PmtInfId>1002122513</PmtInfId>
							<InstrId>01-0014F1100000012018</InstrId>
							<EndToEndId>9008234198</EndToEndId>
						</Refs>
						<AmtDtls>
							<TxAmt>
								<Amt Ccy="SEK">1421.89</Amt>
							</TxAmt>
						</AmtDtls>
						<RltdPties>
							<Dbtr>
								<Nm>Debtor</Nm>
								<Id>
									<PrvtId>
										<Othr>
											<Id>1234567</Id>
											<SchmeNm>
												<Cd>CUST</Cd>
											</SchmeNm>
										</Othr>
									</PrvtId>
								</Id>
							</Dbtr>
							<Cdtr>
								<Nm>TEST Customer</Nm>
								<Id>
									<OrgId>
										<Othr>
											<Id>200000</Id>
											<SchmeNm>
												<Cd>CUST</Cd>
											</SchmeNm>
										</Othr>
									</OrgId>
								</Id>
							</Cdtr>
						</RltdPties>
						<RltdAgts>
							<CdtrAgt>
								<FinInstnId>
									<BIC>BGABSESS</BIC>
								</FinInstnId>
							</CdtrAgt>
						</RltdAgts>
					</TxDtls>
					<TxDtls>
						<Refs>
							<MsgId>1002122513</MsgId>
							<AcctSvcrRef>STOESI05181130092351199960000002</AcctSvcrRef>
							<PmtInfId>1002122513</PmtInfId>
							<InstrId>01-0014F1100000022018</InstrId>
							<EndToEndId>9008234206</EndToEndId>
						</Refs>
						<AmtDtls>
							<TxAmt>
								<Amt Ccy="SEK">6409.65</Amt>
							</TxAmt>
						</AmtDtls>
						<RltdPties>
							<Dbtr>
								<Nm>Debtor</Nm>
								<Id>
									<PrvtId>
										<Othr>
											<Id>1234568</Id>
											<SchmeNm>
												<Cd>CUST</Cd>
											</SchmeNm>
										</Othr>
									</PrvtId>
								</Id>
							</Dbtr>
							<Cdtr>
								<Nm>TEST Customer</Nm>
								<Id>
									<OrgId>
										<Othr>
											<Id>200000</Id>
											<SchmeNm>
												<Cd>CUST</Cd>
											</SchmeNm>
										</Othr>
									</OrgId>
								</Id>
							</Cdtr>
						</RltdPties>
						<RltdAgts>
							<CdtrAgt>
								<FinInstnId>
									<BIC>BGABSESS</BIC>
								</FinInstnId>
							</CdtrAgt>
						</RltdAgts>
					</TxDtls>
					<TxDtls>
						<Refs>
							<MsgId>1002122513</MsgId>
							<AcctSvcrRef>STOESI05181130092351199960000003</AcctSvcrRef>
							<PmtInfId>1002122513</PmtInfId>
							<InstrId>01-0014F1100000032018</InstrId>
							<EndToEndId>9008234222</EndToEndId>
						</Refs>
						<AmtDtls>
							<TxAmt>
								<Amt Ccy="SEK">1600.09</Amt>
							</TxAmt>
						</AmtDtls>
						<RltdPties>
							<Dbtr>
								<Nm>Debtor</Nm>
								<Id>
									<PrvtId>
										<Othr>
											<Id>1234569</Id>
											<SchmeNm>
												<Cd>CUST</Cd>
											</SchmeNm>
										</Othr>
									</PrvtId>
								</Id>
							</Dbtr>
							<Cdtr>
								<Nm>TEST Customer</Nm>
								<Id>
									<OrgId>
										<Othr>
											<Id>200000</Id>
											<SchmeNm>
												<Cd>CUST</Cd>
											</SchmeNm>
										</Othr>
									</OrgId>
								</Id>
							</Cdtr>
						</RltdPties>
						<RltdAgts>
							<CdtrAgt>
								<FinInstnId>
									<BIC>BGABSESS</BIC>
								</FinInstnId>
							</CdtrAgt>
						</RltdAgts>
					</TxDtls>
					<TxDtls>
						<Refs>
							<MsgId>1002122513</MsgId>
							<AcctSvcrRef>STOESI05181130092351199960000004</AcctSvcrRef>
							<PmtInfId>1002122513</PmtInfId>
							<InstrId>01-0014F1100000042018</InstrId>
							<EndToEndId>9008234404</EndToEndId>
						</Refs>
						<AmtDtls>
							<TxAmt>
								<Amt Ccy="SEK">8479.60</Amt>
							</TxAmt>
						</AmtDtls>
						<RltdPties>
							<Dbtr>
								<Nm>Debtor</Nm>
								<Id>
									<PrvtId>
										<Othr>
											<Id>2345678</Id>
											<SchmeNm>
												<Cd>CUST</Cd>
											</SchmeNm>
										</Othr>
									</PrvtId>
								</Id>
							</Dbtr>
							<Cdtr>
								<Nm>TEST Customer</Nm>
								<Id>
									<OrgId>
										<Othr>
											<Id>200000</Id>
											<SchmeNm>
												<Cd>CUST</Cd>
											</SchmeNm>
										</Othr>
									</OrgId>
								</Id>
							</Cdtr>
						</RltdPties>
						<RltdAgts>
							<CdtrAgt>
								<FinInstnId>
									<BIC>BGABSESS</BIC>
								</FinInstnId>
							</CdtrAgt>
						</RltdAgts>
					</TxDtls>
					<TxDtls>
						<Refs>
							<MsgId>1002122513</MsgId>
							<AcctSvcrRef>STOESI05181130092351199960000005</AcctSvcrRef>
							<PmtInfId>1002122513</PmtInfId>
							<InstrId>01-0014F1100000052018</InstrId>
							<EndToEndId>9008234412</EndToEndId>
						</Refs>
						<AmtDtls>
							<TxAmt>
								<Amt Ccy="SEK">19665.07</Amt>
							</TxAmt>
						</AmtDtls>
						<RltdPties>
							<Dbtr>
								<Nm>Debtor</Nm>
								<Id>
									<PrvtId>
										<Othr>
											<Id>1234570</Id>
											<SchmeNm>
												<Cd>CUST</Cd>
											</SchmeNm>
										</Othr>
									</PrvtId>
								</Id>
							</Dbtr>
							<Cdtr>
								<Nm>TEST Customer</Nm>
								<Id>
									<OrgId>
										<Othr>
											<Id>200000</Id>
											<SchmeNm>
												<Cd>CUST</Cd>
											</SchmeNm>
										</Othr>
									</OrgId>
								</Id>
							</Cdtr>
						</RltdPties>
						<RltdAgts>
							<CdtrAgt>
								<FinInstnId>
									<BIC>BGABSESS</BIC>
								</FinInstnId>
							</CdtrAgt>
						</RltdAgts>
					</TxDtls>
					<TxDtls>
						<Refs>
							<MsgId>1002122513</MsgId>
							<AcctSvcrRef>STOESI05181130092351199960000006</AcctSvcrRef>
							<PmtInfId>1002122513</PmtInfId>
							<InstrId>01-0014F1100000062018</InstrId>
							<EndToEndId>9008183676</EndToEndId>
						</Refs>
						<AmtDtls>
							<TxAmt>
								<Amt Ccy="SEK">17419.12</Amt>
							</TxAmt>
						</AmtDtls>
						<RltdPties>
							<Dbtr>
								<Nm>Debtor</Nm>
								<Id>
									<PrvtId>
										<Othr>
											<Id>56789876</Id>
											<SchmeNm>
												<Cd>CUST</Cd>
											</SchmeNm>
										</Othr>
									</PrvtId>
								</Id>
							</Dbtr>
							<Cdtr>
								<Nm>TEST Customer</Nm>
								<Id>
									<OrgId>
										<Othr>
											<Id>200000</Id>
											<SchmeNm>
												<Cd>CUST</Cd>
											</SchmeNm>
										</Othr>
									</OrgId>
								</Id>
							</Cdtr>
						</RltdPties>
						<RltdAgts>
							<CdtrAgt>
								<FinInstnId>
									<BIC>BGABSESS</BIC>
								</FinInstnId>
							</CdtrAgt>
						</RltdAgts>
					</TxDtls>
					<TxDtls>
						<Refs>
							<MsgId>1002122513</MsgId>
							<AcctSvcrRef>STOESI05181130092351199960000007</AcctSvcrRef>
							<PmtInfId>1002122513</PmtInfId>
							<InstrId>01-0014F1100000072018</InstrId>
							<EndToEndId>9008253750</EndToEndId>
						</Refs>
						<AmtDtls>
							<TxAmt>
								<Amt Ccy="SEK">1588.10</Amt>
							</TxAmt>
						</AmtDtls>
						<RltdPties>
							<Dbtr>
								<Nm>Debtor</Nm>
								<Id>
									<PrvtId>
										<Othr>
											<Id>56789875</Id>
											<SchmeNm>
												<Cd>CUST</Cd>
											</SchmeNm>
										</Othr>
									</PrvtId>
								</Id>
							</Dbtr>
							<Cdtr>
								<Nm>TEST Customer</Nm>
								<Id>
									<OrgId>
										<Othr>
											<Id>200000</Id>
											<SchmeNm>
												<Cd>CUST</Cd>
											</SchmeNm>
										</Othr>
									</OrgId>
								</Id>
							</Cdtr>
						</RltdPties>
						<RltdAgts>
							<CdtrAgt>
								<FinInstnId>
									<BIC>BGABSESS</BIC>
								</FinInstnId>
							</CdtrAgt>
						</RltdAgts>
					</TxDtls>
					<TxDtls>
						<Refs>
							<MsgId>1002122513</MsgId>
							<AcctSvcrRef>STOESI05181130092351199960000008</AcctSvcrRef>
							<PmtInfId>1002122513</PmtInfId>
							<InstrId>01-0014F1100000082018</InstrId>
							<EndToEndId>9008281454</EndToEndId>
						</Refs>
						<AmtDtls>
							<TxAmt>
								<Amt Ccy="SEK">1099.64</Amt>
							</TxAmt>
						</AmtDtls>
						<RltdPties>
							<Dbtr>
								<Nm>Debtor</Nm>
								<Id>
									<PrvtId>
										<Othr>
											<Id>8987654</Id>
											<SchmeNm>
												<Cd>CUST</Cd>
											</SchmeNm>
										</Othr>
									</PrvtId>
								</Id>
							</Dbtr>
							<Cdtr>
								<Nm>TEST Customer</Nm>
								<Id>
									<OrgId>
										<Othr>
											<Id>200000</Id>
											<SchmeNm>
												<Cd>CUST</Cd>
											</SchmeNm>
										</Othr>
									</OrgId>
								</Id>
							</Cdtr>
						</RltdPties>
						<RltdAgts>
							<CdtrAgt>
								<FinInstnId>
									<BIC>BGABSESS</BIC>
								</FinInstnId>
							</CdtrAgt>
						</RltdAgts>
					</TxDtls>
					<TxDtls>
						<Refs>
							<MsgId>1002122513</MsgId>
							<AcctSvcrRef>STOESI05181130092351199960000009</AcctSvcrRef>
							<PmtInfId>1002122513</PmtInfId>
							<InstrId>01-0014F1100000092018</InstrId>
							<EndToEndId>9008254220</EndToEndId>
						</Refs>
						<AmtDtls>
							<TxAmt>
								<Amt Ccy="SEK">10977.17</Amt>
							</TxAmt>
						</AmtDtls>
						<RltdPties>
							<Dbtr>
								<Nm>Debtor</Nm>
								<Id>
									<PrvtId>
										<Othr>
											<Id>54321012</Id>
											<SchmeNm>
												<Cd>CUST</Cd>
											</SchmeNm>
										</Othr>
									</PrvtId>
								</Id>
							</Dbtr>
							<Cdtr>
								<Nm>TEST Customer</Nm>
								<Id>
									<OrgId>
										<Othr>
											<Id>200000</Id>
											<SchmeNm>
												<Cd>CUST</Cd>
											</SchmeNm>
										</Othr>
									</OrgId>
								</Id>
							</Cdtr>
						</RltdPties>
						<RltdAgts>
							<CdtrAgt>
								<FinInstnId>
									<BIC>BGABSESS</BIC>
								</FinInstnId>
							</CdtrAgt>
						</RltdAgts>
					</TxDtls>
				</NtryDtls>
				<AddtlNtryInf>STOI556510508760037577-0037577</AddtlNtryInf>
			</Ntry>
		</Stmt>
	</BkToCstmrStmt>
</Document>
