<?xml version="1.0" encoding="UTF-8"?>
<Document xmlns="urn:iso:std:iso:20022:tech:xsd:camt.054.001.02" xsi:schemaLocation="urn:iso:std:iso:20022:tech:xsd:camt.054.001.02 camt.054.001.02.xsd" xmlns:xsi="http://www.w3.org/2001/XMLSchema-instance">
	<BkToCstmrDbtCdtNtfctn>
		<GrpHdr>
			<MsgId>25867</MsgId>
			<CreDtTm>2018-10-15T22:05:01+01:00</CreDtTm>
			<MsgRcpt>
				<Id>
					<OrgId>
						<Othr>
							<Id>00331127800005</Id>
						</Othr>
					</OrgId>
				</Id>
			</MsgRcpt>
			<AddtlInf>/CRED/</AddtlInf>
		</GrpHdr>
		<Ntfctn>
			<Id>STOIID01201805251653100004</Id>
			<CreDtTm>2018-05-25T16:53:10</CreDtTm>
			<Acct>
				<Id>
					<Othr>
						<Id>97501521764</Id>
						<SchmeNm>
							<Cd>BBAN</Cd>
						</SchmeNm>
					</Othr>
				</Id>
				<Ccy>NOK</Ccy>
				<Ownr>
					<Nm>TEST Customer</Nm>
					<Id>
						<OrgId>
							<Othr>
								<Id>00331127800005</Id>
								<SchmeNm>
									<Cd>BANK</Cd>
								</SchmeNm>
							</Othr>
						</OrgId>
					</Id>
				</Ownr>
				<Svcr>
					<FinInstnId>
						<BIC>ESSENOKXXXX</BIC>
					</FinInstnId>
				</Svcr>
			</Acct>
			<TxsSummry>
				<TtlCdtNtries>
					<NbOfNtries>1</NbOfNtries>
					<Sum>8010</Sum>
				</TtlCdtNtries>
			</TxsSummry>
			<Ntry>
				<NtryRef>OSL 18052500269</NtryRef>
				<Amt Ccy="NOK">8010.00</Amt>
				<CdtDbtInd>CRDT</CdtDbtInd>
				<Sts>BOOK</Sts>
				<BookgDt>
					<Dt>2018-05-25</Dt>
				</BookgDt>
				<ValDt>
					<Dt>2018-05-25</Dt>
				</ValDt>
				<AcctSvcrRef>OSL 18052500269</AcctSvcrRef>
				<BkTxCd>
					<Domn>
						<Cd>PMNT</Cd>
						<Fmly>
							<Cd>IDDT</Cd>
							<SubFmlyCd>PMDD</SubFmlyCd>
						</Fmly>
					</Domn>
					<Prtry>
						<Cd>CLR</Cd>
						<Issr>SWIFT</Issr>
					</Prtry>
				</BkTxCd>
				<NtryDtls>
					<TxDtls>
						<Refs>
							<MsgId>201805251053</MsgId>
							<AcctSvcrRef>STOESI30201805251055043476000001</AcctSvcrRef>
							<PmtInfId>20180525105401</PmtInfId>
							<InstrId>CH1102222001</InstrId>
							<EndToEndId>RED2011052521</EndToEndId>
						</Refs>
						<AmtDtls>
							<TxAmt>
								<Amt Ccy="NOK">2001.00</Amt>
							</TxAmt>
						</AmtDtls>
						<RltdPties>
							<Dbtr>
								<Nm>Debtor</Nm>
								<Id>
									<PrvtId>
										<Othr>
											<Id>201805252001</Id>
											<SchmeNm>
												<Cd>CUST</Cd>
											</SchmeNm>
										</Othr>
									</PrvtId>
								</Id>
							</Dbtr>
							<Cdtr>
								<Nm>TEST Customer</Nm>
							</Cdtr>
						</RltdPties>
						<RmtInf>
							<Strd>
								<RfrdDocAmt>
									<RmtdAmt Ccy="NOK">2001.00</RmtdAmt>
								</RfrdDocAmt>
								<CdtrRefInf>
									<Tp>
										<CdOrPrtry>
											<Cd>SCOR</Cd>
										</CdOrPrtry>
									</Tp>
									<Ref>1816242231320110525001</Ref>
								</CdtrRefInf>
							</Strd>
						</RmtInf>
					</TxDtls>
					<TxDtls>
						<Refs>
							<MsgId>201805251053</MsgId>
							<AcctSvcrRef>STOESI30201805251055043476000002</AcctSvcrRef>
							<PmtInfId>20180525105401</PmtInfId>
							<InstrId>CH1102222002</InstrId>
							<EndToEndId>RED2011052522</EndToEndId>
						</Refs>
						<AmtDtls>
							<TxAmt>
								<Amt Ccy="NOK">2002.00</Amt>
							</TxAmt>
						</AmtDtls>
						<RltdPties>
							<Dbtr>
								<Nm>Debtor</Nm>
								<Id>
									<PrvtId>
										<Othr>
											<Id>201805252002</Id>
											<SchmeNm>
												<Cd>CUST</Cd>
											</SchmeNm>
										</Othr>
									</PrvtId>
								</Id>
							</Dbtr>
							<Cdtr>
								<Nm>TEST Customer</Nm>
							</Cdtr>
						</RltdPties>
						<RmtInf>
							<Strd>
								<RfrdDocAmt>
									<RmtdAmt Ccy="NOK">2002.00</RmtdAmt>
								</RfrdDocAmt>
								<CdtrRefInf>
									<Tp>
										<CdOrPrtry>
											<Cd>SCOR</Cd>
										</CdOrPrtry>
									</Tp>
									<Ref>1816242231320110525002</Ref>
								</CdtrRefInf>
							</Strd>
						</RmtInf>
					</TxDtls>
					<TxDtls>
						<Refs>
							<MsgId>201805251053</MsgId>
							<AcctSvcrRef>STOESI30201105251055043476000003</AcctSvcrRef>
							<PmtInfId>20180525105401</PmtInfId>
							<InstrId>CH1102222003</InstrId>
							<EndToEndId>RED2018052523</EndToEndId>
						</Refs>
						<AmtDtls>
							<TxAmt>
								<Amt Ccy="NOK">2003.00</Amt>
							</TxAmt>
						</AmtDtls>
						<RltdPties>
							<Dbtr>
								<Nm>Debtor</Nm>
								<Id>
									<PrvtId>
										<Othr>
											<Id>201805252003</Id>
											<SchmeNm>
												<Cd>CUST</Cd>
											</SchmeNm>
										</Othr>
									</PrvtId>
								</Id>
							</Dbtr>
							<Cdtr>
								<Nm>TEST Customer</Nm>
							</Cdtr>
						</RltdPties>
						<RmtInf>
							<Strd>
								<RfrdDocAmt>
									<RmtdAmt Ccy="NOK">2003.00</RmtdAmt>
								</RfrdDocAmt>
								<CdtrRefInf>
									<Tp>
										<CdOrPrtry>
											<Cd>SCOR</Cd>
										</CdOrPrtry>
									</Tp>
									<Ref>1816242231320110525003</Ref>
								</CdtrRefInf>
							</Strd>
						</RmtInf>
					</TxDtls>
					<TxDtls>
						<Refs>
							<MsgId>201805251053</MsgId>
							<AcctSvcrRef>STOESI30201105251055043476000004</AcctSvcrRef>
							<PmtInfId>20180525105401</PmtInfId>
							<InstrId>CH1102222004</InstrId>
							<EndToEndId>RED2018052525</EndToEndId>
						</Refs>
						<AmtDtls>
							<TxAmt>
								<Amt Ccy="NOK">2004.00</Amt>
							</TxAmt>
						</AmtDtls>
						<RltdPties>
							<Dbtr>
								<Nm>Debtor</Nm>
								<Id>
									<PrvtId>
										<Othr>
											<Id>201805252004</Id>
											<SchmeNm>
												<Cd>CUST</Cd>
											</SchmeNm>
										</Othr>
									</PrvtId>
								</Id>
							</Dbtr>
							<Cdtr>
								<Nm>TEST Customer</Nm>
							</Cdtr>
						</RltdPties>
						<RmtInf>
							<Strd>
								<RfrdDocAmt>
									<RmtdAmt Ccy="NOK">2004.00</RmtdAmt>
								</RfrdDocAmt>
								<CdtrRefInf>
									<Tp>
										<CdOrPrtry>
											<Cd>SCOR</Cd>
										</CdOrPrtry>
									</Tp>
									<Ref>1816242231320110525004</Ref>
								</CdtrRefInf>
							</Strd>
						</RmtInf>
					</TxDtls>
				</NtryDtls>
			</Ntry>
		</Ntfctn>
	</BkToCstmrDbtCdtNtfctn>
</Document>
