<?xml version="1.0" encoding="UTF-8"?>
<Document xmlns="urn:iso:std:iso:20022:tech:xsd:camt.053.001.02" xmlns:xsi="http://www.w3.org/2001/XMLSchema-instance" xsi:schemaLocation="urn:iso:std:iso:20022:tech:xsd:camt.053.001.02 file:///C:/Users/s90251/Desktop/files/Template/camt.053.001.02.xsd">
	<BkToCstmrStmt>
		<GrpHdr>
			<MsgId>3258041</MsgId>
			<CreDtTm>2019-01-10T04:33:43+01:00</CreDtTm>
			<MsgRcpt>
				<Id>
					<OrgId>
						<Othr>
							<Id>00331127800005</Id>
							<SchmeNm>
								<Cd>BANK</Cd>
							</SchmeNm>
						</Othr>
					</OrgId>
				</Id>
			</MsgRcpt>
		</GrpHdr>
		<Stmt>
			<Id>STOIID25190110043200000002</Id>
			<ElctrncSeqNb>9</ElctrncSeqNb>
			<LglSeqNb>9</LglSeqNb>
			<CreDtTm>2019-01-10T04:32:00+01:00</CreDtTm>
			<FrToDt>
				<FrDtTm>2019-01-09T00:00:00+01:00</FrDtTm>
				<ToDtTm>2019-01-09T23:59:59+01:00</ToDtTm>
			</FrToDt>
			<Acct>
				<Id>
					<IBAN>EE221010022123456789</IBAN>
				</Id>
				<Ccy>EUR</Ccy>
				<Ownr>
					<Nm>TEST Customer</Nm>
					<Id>
						<OrgId>
							<Othr>
								<Id>00331127800005</Id>
								<SchmeNm>
									<Cd>BANK</Cd>
								</SchmeNm>
							</Othr>
						</OrgId>
					</Id>
				</Ownr>
				<Svcr>
					<FinInstnId>
						<BIC>EEUHEE2XXXX</BIC>
					</FinInstnId>
				</Svcr>
			</Acct>
			<Bal>
				<Tp>
					<CdOrPrtry>
						<Cd>OPBD</Cd>
					</CdOrPrtry>
				</Tp>
				<Amt Ccy="EUR">2232071.75</Amt>
				<CdtDbtInd>CRDT</CdtDbtInd>
				<Dt>
					<Dt>2019-01-09</Dt>
				</Dt>
			</Bal>
			<Bal>
				<Tp>
					<CdOrPrtry>
						<Cd>CLBD</Cd>
					</CdOrPrtry>
				</Tp>
				<CdtLine>
					<Incl>false</Incl>
				</CdtLine>
				<Amt Ccy="EUR">2231036.70</Amt>
				<CdtDbtInd>CRDT</CdtDbtInd>
				<Dt>
					<Dt>2019-01-09</Dt>
				</Dt>
			</Bal>
			<Bal>
				<Tp>
					<CdOrPrtry>
						<Cd>CLAV</Cd>
					</CdOrPrtry>
				</Tp>
				<CdtLine>
					<Incl>false</Incl>
				</CdtLine>
				<Amt Ccy="EUR">2231036.70</Amt>
				<CdtDbtInd>CRDT</CdtDbtInd>
				<Dt>
					<Dt>2019-01-09</Dt>
				</Dt>
			</Bal>
			<TxsSummry>
				<TtlCdtNtries>
					<NbOfNtries>1</NbOfNtries>
					<Sum>1.26</Sum>
				</TtlCdtNtries>
				<TtlDbtNtries>
					<NbOfNtries>4</NbOfNtries>
					<Sum>1036.31</Sum>
				</TtlDbtNtries>
			</TxsSummry>
			<Ntry>
				<NtryRef>STOSMT9402019011004052307746-000000</NtryRef>
				<Amt Ccy="EUR">0.16</Amt>
				<CdtDbtInd>DBIT</CdtDbtInd>
				<Sts>BOOK</Sts>
				<BookgDt>
					<Dt>2019-01-09</Dt>
				</BookgDt>
				<ValDt>
					<Dt>2019-01-09</Dt>
				</ValDt>
				<AcctSvcrRef>STOSMT9402019011004052307746-000000</AcctSvcrRef>
				<BkTxCd>
					<Domn>
						<Cd>ACMT</Cd>
						<Fmly>
							<Cd>MDOP</Cd>
							<SubFmlyCd>CHRG</SubFmlyCd>
						</Fmly>
					</Domn>
					<Prtry>
						<Cd>CHG</Cd>
						<Issr>SWIFT</Issr>
					</Prtry>
				</BkTxCd>
				<NtryDtls>
					<TxDtls>
						<AmtDtls>
							<TxAmt>
								<Amt Ccy="EUR">0.16</Amt>
							</TxAmt>
						</AmtDtls>
					</TxDtls>
				</NtryDtls>
				<AddtlNtryInf>2380827718 INTRABANK TRANSFER IN FAVOUR OF OTHER CLIENT ACCOUNT</AddtlNtryInf>
			</Ntry>
			<Ntry>
				<NtryRef>STOSMT9402019011004052307747-000000</NtryRef>
				<Amt Ccy="EUR">0.16</Amt>
				<CdtDbtInd>DBIT</CdtDbtInd>
				<Sts>BOOK</Sts>
				<BookgDt>
					<Dt>2019-01-09</Dt>
				</BookgDt>
				<ValDt>
					<Dt>2019-01-09</Dt>
				</ValDt>
				<AcctSvcrRef>STOSMT9402019011004052307747-000000</AcctSvcrRef>
				<BkTxCd>
					<Domn>
						<Cd>ACMT</Cd>
						<Fmly>
							<Cd>MDOP</Cd>
							<SubFmlyCd>CHRG</SubFmlyCd>
						</Fmly>
					</Domn>
					<Prtry>
						<Cd>CHG</Cd>
						<Issr>SWIFT</Issr>
					</Prtry>
				</BkTxCd>
				<NtryDtls>
					<TxDtls>
						<AmtDtls>
							<TxAmt>
								<Amt Ccy="EUR">0.16</Amt>
							</TxAmt>
						</AmtDtls>
					</TxDtls>
				</NtryDtls>
				<AddtlNtryInf>2380827719 INTRABANK TRANSFER IN FAVOUR OF OTHER CLIENT ACCOUNT</AddtlNtryInf>
			</Ntry>
			<Ntry>
				<NtryRef>STOSMT9402019011004052307748-000000</NtryRef>
				<Amt Ccy="EUR">32.28</Amt>
				<CdtDbtInd>DBIT</CdtDbtInd>
				<Sts>BOOK</Sts>
				<BookgDt>
					<Dt>2019-01-09</Dt>
				</BookgDt>
				<ValDt>
					<Dt>2019-01-09</Dt>
				</ValDt>
				<AcctSvcrRef>STOSMT9402019011004052307748-000000</AcctSvcrRef>
				<BkTxCd>
					<Domn>
						<Cd>PMNT</Cd>
						<Fmly>
							<Cd>NTAV</Cd>
							<SubFmlyCd>NTAV</SubFmlyCd>
						</Fmly>
					</Domn>
					<Prtry>
						<Cd>TRF</Cd>
						<Issr>SWIFT</Issr>
					</Prtry>
				</BkTxCd>
				<NtryDtls>
					<TxDtls>
						<AmtDtls>
							<TxAmt>
								<Amt Ccy="EUR">32.28</Amt>
							</TxAmt>
						</AmtDtls>
					</TxDtls>
				</NtryDtls>
				<AddtlNtryInf>7013675014</AddtlNtryInf>
			</Ntry>
			<Ntry>
				<NtryRef>STOSMT9402019011004052307749-000000</NtryRef>
				<Amt Ccy="EUR">1003.71</Amt>
				<CdtDbtInd>DBIT</CdtDbtInd>
				<Sts>BOOK</Sts>
				<BookgDt>
					<Dt>2019-01-09</Dt>
				</BookgDt>
				<ValDt>
					<Dt>2019-01-09</Dt>
				</ValDt>
				<AcctSvcrRef>STOSMT9402019011004052307749-000000</AcctSvcrRef>
				<BkTxCd>
					<Domn>
						<Cd>PMNT</Cd>
						<Fmly>
							<Cd>NTAV</Cd>
							<SubFmlyCd>NTAV</SubFmlyCd>
						</Fmly>
					</Domn>
					<Prtry>
						<Cd>TRF</Cd>
						<Issr>SWIFT</Issr>
					</Prtry>
				</BkTxCd>
				<NtryDtls>
					<TxDtls>
						<AmtDtls>
							<TxAmt>
								<Amt Ccy="EUR">1003.71</Amt>
							</TxAmt>
						</AmtDtls>
					</TxDtls>
				</NtryDtls>
				<AddtlNtryInf>2380827719</AddtlNtryInf>
			</Ntry>
			<Ntry>
				<NtryRef>STOSMT9402019011004052307750-000000</NtryRef>
				<Amt Ccy="EUR">1.26</Amt>
				<CdtDbtInd>CRDT</CdtDbtInd>
				<Sts>BOOK</Sts>
				<BookgDt>
					<Dt>2019-01-09</Dt>
				</BookgDt>
				<ValDt>
					<Dt>2019-01-09</Dt>
				</ValDt>
				<AcctSvcrRef>STOSMT9402019011004052307750-000000</AcctSvcrRef>
				<BkTxCd>
					<Domn>
						<Cd>ACMT</Cd>
						<Fmly>
							<Cd>MCOP</Cd>
							<SubFmlyCd>INTR</SubFmlyCd>
						</Fmly>
					</Domn>
					<Prtry>
						<Cd>INT</Cd>
						<Issr>SWIFT</Issr>
					</Prtry>
				</BkTxCd>
				<NtryDtls>
					<TxDtls>
						<AmtDtls>
							<TxAmt>
								<Amt Ccy="EUR">1.26</Amt>
							</TxAmt>
						</AmtDtls>
					</TxDtls>
				</NtryDtls>
				<AddtlNtryInf>2380635723 INTEREST TO ACCOUNT</AddtlNtryInf>
			</Ntry>
		</Stmt>
		<Stmt>
			<Id>STOIID65190110060141000002</Id>
			<ElctrncSeqNb>9</ElctrncSeqNb>
			<LglSeqNb>9</LglSeqNb>
			<CreDtTm>2019-01-10T06:01:41+01:00</CreDtTm>
			<FrToDt>
				<FrDtTm>2019-01-09T00:00:00+01:00</FrDtTm>
				<ToDtTm>2019-01-09T23:59:59+01:00</ToDtTm>
			</FrToDt>
			<Acct>
				<Id>
					<IBAN>LT177044060123456789</IBAN>
				</Id>
				<Ccy>EUR</Ccy>
				<Ownr>
					<Nm>TEST Customer</Nm>
					<Id>
						<OrgId>
							<Othr>
								<Id>00331127800005</Id>
								<SchmeNm>
									<Cd>BANK</Cd>
								</SchmeNm>
							</Othr>
						</OrgId>
					</Id>
				</Ownr>
				<Svcr>
					<FinInstnId>
						<BIC>CBVILT2XXXX</BIC>
					</FinInstnId>
				</Svcr>
			</Acct>
			<Bal>
				<Tp>
					<CdOrPrtry>
						<Cd>OPBD</Cd>
					</CdOrPrtry>
				</Tp>
				<Amt Ccy="EUR">492424.83</Amt>
				<CdtDbtInd>CRDT</CdtDbtInd>
				<Dt>
					<Dt>2019-01-09</Dt>
				</Dt>
			</Bal>
			<Bal>
				<Tp>
					<CdOrPrtry>
						<Cd>CLBD</Cd>
					</CdOrPrtry>
				</Tp>
				<CdtLine>
					<Incl>false</Incl>
				</CdtLine>
				<Amt Ccy="EUR">516086.38</Amt>
				<CdtDbtInd>CRDT</CdtDbtInd>
				<Dt>
					<Dt>2019-01-09</Dt>
				</Dt>
			</Bal>
			<TxsSummry>
				<TtlCdtNtries>
					<NbOfNtries>2</NbOfNtries>
					<Sum>23661.55</Sum>
				</TtlCdtNtries>
			</TxsSummry>
			<Ntry>
				<NtryRef>STOSMT9402019011001152405356-000000</NtryRef>
				<Amt Ccy="EUR">7145.05</Amt>
				<CdtDbtInd>CRDT</CdtDbtInd>
				<Sts>BOOK</Sts>
				<BookgDt>
					<Dt>2019-01-09</Dt>
				</BookgDt>
				<ValDt>
					<Dt>2019-01-09</Dt>
				</ValDt>
				<AcctSvcrRef>STOSMT9402019011001152405356-000000</AcctSvcrRef>
				<BkTxCd>
					<Domn>
						<Cd>PMNT</Cd>
						<Fmly>
							<Cd>NTAV</Cd>
							<SubFmlyCd>NTAV</SubFmlyCd>
						</Fmly>
					</Domn>
					<Prtry>
						<Cd>TRF</Cd>
						<Issr>SWIFT</Issr>
					</Prtry>
				</BkTxCd>
				<NtryDtls>
					<TxDtls>
						<AmtDtls>
							<TxAmt>
								<Amt Ccy="EUR">7145.05</Amt>
							</TxAmt>
						</AmtDtls>
					</TxDtls>
				</NtryDtls>
				<AddtlNtryInf>NONREF /EREF/1/ORDP//NAME/TEST CUSTOMER/ID/999999999/REMI/DOK.NR. DOK.DATA SUMA 1 2019.01.09 7145.05/CHGS/EUR0,29/OCMT/EUR7145,05/ EXCH/1,00000</AddtlNtryInf>
			</Ntry>
			<Ntry>
				<NtryRef>STOSMT9402019011001152405357-000000</NtryRef>
				<Amt Ccy="EUR">16516.50</Amt>
				<CdtDbtInd>CRDT</CdtDbtInd>
				<Sts>BOOK</Sts>
				<BookgDt>
					<Dt>2019-01-09</Dt>
				</BookgDt>
				<ValDt>
					<Dt>2019-01-09</Dt>
				</ValDt>
				<AcctSvcrRef>STOSMT9402019011001152405357-000000</AcctSvcrRef>
				<BkTxCd>
					<Domn>
						<Cd>PMNT</Cd>
						<Fmly>
							<Cd>NTAV</Cd>
							<SubFmlyCd>NTAV</SubFmlyCd>
						</Fmly>
					</Domn>
					<Prtry>
						<Cd>TRF</Cd>
						<Issr>SWIFT</Issr>
					</Prtry>
				</BkTxCd>
				<NtryDtls>
					<TxDtls>
						<AmtDtls>
							<TxAmt>
								<Amt Ccy="EUR">16516.5</Amt>
							</TxAmt>
						</AmtDtls>
					</TxDtls>
				</NtryDtls>
				<AddtlNtryInf>NONREF /EREF/4573/ORDP//NAME/TEST CUSTOMER/REMI/ATSISKAITYMAS/CHGS/EUR 0,29/OCMT/EUR16516,50/EXCH/1,00000</AddtlNtryInf>
			</Ntry>
		</Stmt>
		<Stmt>
			<Id>STOIID45190110060303000011</Id>
			<ElctrncSeqNb>9</ElctrncSeqNb>
			<LglSeqNb>9</LglSeqNb>
			<CreDtTm>2019-01-10T06:03:03+01:00</CreDtTm>
			<FrToDt>
				<FrDtTm>2019-01-09T00:00:00+01:00</FrDtTm>
				<ToDtTm>2019-01-09T23:59:59+01:00</ToDtTm>
			</FrToDt>
			<Acct>
				<Id>
					<IBAN>LV09UNLA0034123456789</IBAN>
				</Id>
				<Ccy>EUR</Ccy>
				<Ownr>
					<Nm>TEST Customer</Nm>
					<Id>
						<OrgId>
							<Othr>
								<Id>00331127800005</Id>
								<SchmeNm>
									<Cd>BANK</Cd>
								</SchmeNm>
							</Othr>
						</OrgId>
					</Id>
				</Ownr>
				<Svcr>
					<FinInstnId>
						<BIC>UNLALV2XXXX</BIC>
					</FinInstnId>
				</Svcr>
			</Acct>
			<Bal>
				<Tp>
					<CdOrPrtry>
						<Cd>OPBD</Cd>
					</CdOrPrtry>
				</Tp>
				<Amt Ccy="EUR">0.00</Amt>
				<CdtDbtInd>CRDT</CdtDbtInd>
				<Dt>
					<Dt>2019-01-09</Dt>
				</Dt>
			</Bal>
			<Bal>
				<Tp>
					<CdOrPrtry>
						<Cd>CLBD</Cd>
					</CdOrPrtry>
				</Tp>
				<CdtLine>
					<Incl>false</Incl>
				</CdtLine>
				<Amt Ccy="EUR">0.00</Amt>
				<CdtDbtInd>CRDT</CdtDbtInd>
				<Dt>
					<Dt>2019-01-09</Dt>
				</Dt>
			</Bal>
			<Bal>
				<Tp>
					<CdOrPrtry>
						<Cd>CLAV</Cd>
					</CdOrPrtry>
				</Tp>
				<CdtLine>
					<Incl>false</Incl>
				</CdtLine>
				<Amt Ccy="EUR">0.00</Amt>
				<CdtDbtInd>CRDT</CdtDbtInd>
				<Dt>
					<Dt>2019-01-09</Dt>
				</Dt>
			</Bal>
			<TxsSummry>
				<TtlCdtNtries>
					<NbOfNtries>2</NbOfNtries>
					<Sum>2905.65</Sum>
				</TtlCdtNtries>
				<TtlDbtNtries>
					<NbOfNtries>1</NbOfNtries>
					<Sum>2905.65</Sum>
				</TtlDbtNtries>
			</TxsSummry>
			<Ntry>
				<NtryRef>STOSMT9402019011004052103555-000000</NtryRef>
				<Amt Ccy="EUR">2905.65</Amt>
				<CdtDbtInd>DBIT</CdtDbtInd>
				<Sts>BOOK</Sts>
				<BookgDt>
					<Dt>2019-01-09</Dt>
				</BookgDt>
				<ValDt>
					<Dt>2019-01-09</Dt>
				</ValDt>
				<AcctSvcrRef>STOSMT9402019011004052103555-000000</AcctSvcrRef>
				<BkTxCd>
					<Domn>
						<Cd>CAMT</Cd>
						<Fmly>
							<Cd>ACCB</Cd>
							<SubFmlyCd>ZABA</SubFmlyCd>
						</Fmly>
					</Domn>
					<Prtry>
						<Cd>CMZ</Cd>
						<Issr>SWIFT</Issr>
					</Prtry>
				</BkTxCd>
				<NtryDtls>
					<TxDtls>
						<AmtDtls>
							<TxAmt>
								<Amt Ccy="EUR">2905.65</Amt>
							</TxAmt>
						</AmtDtls>
						<RmtInf>
							<Ustrd>CNTR account</Ustrd>
						</RmtInf>
					</TxDtls>
				</NtryDtls>
				<AddtlNtryInf>433680349 /ACC/LV09UNLA0034123456789 /NAME/SENDER /DATE/190109 /TEXT/KONTA</AddtlNtryInf>
			</Ntry>
			<Ntry>
				<NtryRef>STOSMT9402019011004052103556-000000</NtryRef>
				<Amt Ccy="EUR">108.69</Amt>
				<CdtDbtInd>CRDT</CdtDbtInd>
				<Sts>BOOK</Sts>
				<BookgDt>
					<Dt>2019-01-09</Dt>
				</BookgDt>
				<ValDt>
					<Dt>2019-01-09</Dt>
				</ValDt>
				<AcctSvcrRef>STOSMT9402019011004052103556-000000</AcctSvcrRef>
				<BkTxCd>
					<Domn>
						<Cd>PMNT</Cd>
						<Fmly>
							<Cd>NTAV</Cd>
							<SubFmlyCd>NTAV</SubFmlyCd>
						</Fmly>
					</Domn>
					<Prtry>
						<Cd>TRF</Cd>
						<Issr>SWIFT</Issr>
					</Prtry>
				</BkTxCd>
				<NtryDtls>
					<TxDtls>
						<AmtDtls>
							<TxAmt>
								<Amt Ccy="EUR">108.69</Amt>
							</TxAmt>
						</AmtDtls>
					</TxDtls>
				</NtryDtls>
				<AddtlNtryInf>433290609 /ACC/LV09UNLA0034123456789 /NAME/SENDER /DATE/190109 /TEXT/SERVIS</AddtlNtryInf>
			</Ntry>
			<Ntry>
				<NtryRef>STOSMT9402019011004052103557-000000</NtryRef>
				<Amt Ccy="EUR">2796.96</Amt>
				<CdtDbtInd>CRDT</CdtDbtInd>
				<Sts>BOOK</Sts>
				<BookgDt>
					<Dt>2019-01-09</Dt>
				</BookgDt>
				<ValDt>
					<Dt>2019-01-09</Dt>
				</ValDt>
				<AcctSvcrRef>STOSMT9402019011004052103557-000000</AcctSvcrRef>
				<BkTxCd>
					<Domn>
						<Cd>PMNT</Cd>
						<Fmly>
							<Cd>NTAV</Cd>
							<SubFmlyCd>NTAV</SubFmlyCd>
						</Fmly>
					</Domn>
					<Prtry>
						<Cd>TRF</Cd>
						<Issr>SWIFT</Issr>
					</Prtry>
				</BkTxCd>
				<NtryDtls>
					<TxDtls>
						<AmtDtls>
							<TxAmt>
								<Amt Ccy="EUR">2796.96</Amt>
							</TxAmt>
						</AmtDtls>
						<AddtlTxInf>RMI2363375</AddtlTxInf>
					</TxDtls>
				</NtryDtls>
				<AddtlNtryInf>0190109000005117 /ACC/LV09UNLA0034123456789 /NAME/SENDER /REF/999SCTO190095059 /DATE/190109 /BANK/CBVILT2X /TEXT/REKINS</AddtlNtryInf>
			</Ntry>
		</Stmt>
	</BkToCstmrStmt>
</Document>
