<?xml version="1.0" encoding="UTF-8"?>
<Document xmlns="urn:iso:std:iso:20022:tech:xsd:camt.054.001.02" xmlns:xsi="http://www.w3.org/2001/XMLSchema-instance" xsi:schemaLocation="urn:iso:std:iso:20022:tech:xsd:camt.054.001.02 file:///C:/Users/s90251/Desktop/files/Template/camt.054.001.02.xsd">
	<BkToCstmrDbtCdtNtfctn>
		<GrpHdr>
			<MsgId>3128193</MsgId>
			<CreDtTm>2018-12-17T12:33:25+01:00</CreDtTm>
			<MsgRcpt>
				<Id>
					<OrgId>
						<Othr>
							<Id>00331127800005</Id>
							<SchmeNm>
								<Cd>BANK</Cd>
							</SchmeNm>
						</Othr>
					</OrgId>
				</Id>
			</MsgRcpt>
			<AddtlInf>/CRED/</AddtlInf>
		</GrpHdr>
		<Ntfctn>
			<Id>STOIID25181217123300000002</Id>
			<CreDtTm>2018-12-17T12:33:00</CreDtTm>
			<Acct>
				<Id>
					<Othr>
						<Id>54401060156</Id>
						<SchmeNm>
							<Cd>BBAN</Cd>
						</SchmeNm>
					</Othr>
				</Id>
				<Ccy>SEK</Ccy>
				<Ownr>
					<Nm>TEST Customer</Nm>
					<Id>
						<OrgId>
							<Othr>
								<Id>00331127800005</Id>
								<SchmeNm>
									<Cd>BANK</Cd>
								</SchmeNm>
							</Othr>
						</OrgId>
					</Id>
				</Ownr>
				<Svcr>
					<FinInstnId>
						<BIC>ESSESESSXXX</BIC>
					</FinInstnId>
				</Svcr>
			</Acct>
			<TxsSummry>
				<TtlCdtNtries>
					<NbOfNtries>1</NbOfNtries>
					<Sum>32000</Sum>
				</TtlCdtNtries>
			</TxsSummry>
			<Ntry>
				<NtryRef>AG 00121-0037295</NtryRef>
				<Amt Ccy="SEK">32000.00</Amt>
				<CdtDbtInd>CRDT</CdtDbtInd>
				<Sts>BOOK</Sts>
				<BookgDt>
					<Dt>2018-12-17</Dt>
				</BookgDt>
				<ValDt>
					<Dt>2018-12-17</Dt>
				</ValDt>
				<AcctSvcrRef>STOI585111100110037295</AcctSvcrRef>
				<BkTxCd>
					<Domn>
						<Cd>PMNT</Cd>
						<Fmly>
							<Cd>IDDT</Cd>
							<SubFmlyCd>PMDD</SubFmlyCd>
						</Fmly>
					</Domn>
					<Prtry>
						<Cd>DDT</Cd>
						<Issr>SWIFT</Issr>
					</Prtry>
				</BkTxCd>
				<NtryDtls>
					<TxDtls>
						<Refs>
							<MsgId>ID_20181208093501</MsgId>
							<AcctSvcrRef>STOESI05181208093531542105000001</AcctSvcrRef>
							<PmtInfId>ID_20181208093503930</PmtInfId>
							<InstrId>25436R1280624</InstrId>
							<EndToEndId>25436R1280624</EndToEndId>
						</Refs>
						<AmtDtls>
							<TxAmt>
								<Amt Ccy="SEK">7000.00</Amt>
							</TxAmt>
						</AmtDtls>
						<RltdPties>
							<Dbtr>
								<Nm>Debtor</Nm>
								<Id>
									<PrvtId>
										<Othr>
											<Id>222222</Id>
											<SchmeNm>
												<Cd>CUST</Cd>
											</SchmeNm>
										</Othr>
									</PrvtId>
								</Id>
							</Dbtr>
							<Cdtr>
								<Nm>TEST Customer</Nm>
								<Id>
									<OrgId>
										<Othr>
											<Id>133333</Id>
											<SchmeNm>
												<Cd>CUST</Cd>
											</SchmeNm>
										</Othr>
									</OrgId>
								</Id>
							</Cdtr>
						</RltdPties>
					</TxDtls>
					<TxDtls>
						<Refs>
							<MsgId>ID_20181208093501</MsgId>
							<AcctSvcrRef>STOESI05181208093531542105000002</AcctSvcrRef>
							<PmtInfId>ID_20181208093503930</PmtInfId>
							<InstrId>30504R1280625</InstrId>
							<EndToEndId>30504R1280625</EndToEndId>
						</Refs>
						<AmtDtls>
							<TxAmt>
								<Amt Ccy="SEK">25000.00</Amt>
							</TxAmt>
						</AmtDtls>
						<RltdPties>
							<Dbtr>
								<Nm>Debtor</Nm>
							</Dbtr>
							<Cdtr>
								<Nm>TEST Customer</Nm>
								<Id>
									<OrgId>
										<Othr>
											<Id>131313</Id>
											<SchmeNm>
												<Cd>CUST</Cd>
											</SchmeNm>
										</Othr>
									</OrgId>
								</Id>
							</Cdtr>
						</RltdPties>
					</TxDtls>
				</NtryDtls>
				<AddtlNtryInf>STOI585111100110037295-0037295</AddtlNtryInf>
			</Ntry>
		</Ntfctn>
	</BkToCstmrDbtCdtNtfctn>
</Document>
