<?xml version="1.0" encoding="UTF-8"?>
<Document xmlns="urn:iso:std:iso:20022:tech:xsd:camt.054.001.02" xmlns:xsi="http://www.w3.org/2001/XMLSchema-instance" xsi:schemaLocation="urn:iso:std:iso:20022:tech:xsd:camt.054.001.02 file:///C:/Users/s90251/Desktop/files/Template/camt.054.001.02.xsd">
	<BkToCstmrDbtCdtNtfctn>
		<GrpHdr>
			<MsgId>3258629</MsgId>
			<CreDtTm>2019-01-10T07:33:16+01:00</CreDtTm>
			<MsgRcpt>
				<Id>
					<OrgId>
						<Othr>
							<Id>00331127800005</Id>
							<SchmeNm>
								<Cd>BANK</Cd>
							</SchmeNm>
						</Othr>
					</OrgId>
				</Id>
			</MsgRcpt>
			<AddtlInf>/NOTF/</AddtlInf>
		</GrpHdr>
		<Ntfctn>
			<Id>STOIID65190110073110000002</Id>
			<CreDtTm>2019-01-10T07:31:10+01:00</CreDtTm>
			<Acct>
				<Id>
					<Othr>
						<Id>00050401</Id>
						<SchmeNm>
							<Cd>BBAN</Cd>
						</SchmeNm>
					</Othr>
				</Id>
				<Ccy>USD</Ccy>
				<Ownr>
					<Nm>TEST Customer</Nm>
					<Id>
						<OrgId>
							<Othr>
								<Id>00331127800005</Id>
								<SchmeNm>
									<Cd>BANK</Cd>
								</SchmeNm>
							</Othr>
						</OrgId>
					</Id>
				</Ownr>
				<Svcr>
					<FinInstnId>
						<BIC>ESSEUS33XXX</BIC>
					</FinInstnId>
				</Svcr>
			</Acct>
			<TxsSummry>
				<TtlCdtNtries>
					<NbOfNtries>1</NbOfNtries>
					<Sum>46.75</Sum>
				</TtlCdtNtries>
				<TtlDbtNtries>
					<NbOfNtries>2</NbOfNtries>
					<Sum>207061.92</Sum>
				</TtlDbtNtries>
			</TxsSummry>
			<Ntry>
				<NtryRef>NYC 19010904070-0000001</NtryRef>
				<Amt Ccy="USD">46.75</Amt>
				<CdtDbtInd>CRDT</CdtDbtInd>
				<Sts>BOOK</Sts>
				<BookgDt>
					<Dt>2019-01-09</Dt>
				</BookgDt>
				<ValDt>
					<Dt>2019-01-09</Dt>
				</ValDt>
				<AcctSvcrRef>NYC 19010904070-0000001</AcctSvcrRef>
				<BkTxCd>
					<Domn>
						<Cd>PMNT</Cd>
						<Fmly>
							<Cd>RCDT</Cd>
							<SubFmlyCd>NTAV</SubFmlyCd>
						</Fmly>
					</Domn>
					<Prtry>
						<Cd>TRF</Cd>
						<Issr>SWIFT</Issr>
					</Prtry>
				</BkTxCd>
				<NtryDtls>
					<TxDtls>
						<Refs>
							<AcctSvcrRef>NYCXMC08201901091106004070000001</AcctSvcrRef>
						</Refs>
						<AmtDtls>
							<TxAmt>
								<Amt Ccy="USD">46.75</Amt>
							</TxAmt>
						</AmtDtls>
						<RltdPties>
							<Dbtr>
								<Nm>Debtor</Nm>
								<PstlAdr>
									<StrtNm>Street name</StrtNm>
									<TwnNm>Town name</TwnNm>
								</PstlAdr>
							</Dbtr>
							<Cdtr>
								<Nm>TEST Customer</Nm>
							</Cdtr>
						</RltdPties>
						<RltdAgts>
							<DbtrAgt>
								<FinInstnId>
									<BIC>ESSEUS33XXX</BIC>
								</FinInstnId>
							</DbtrAgt>
							<CdtrAgt>
								<FinInstnId>
									<BIC>ESSEUS33XXX</BIC>
								</FinInstnId>
							</CdtrAgt>
						</RltdAgts>
						<RmtInf>
							<Ustrd>1218S2630801</Ustrd>
						</RmtInf>
					</TxDtls>
				</NtryDtls>
				<AddtlNtryInf>190109MO46</AddtlNtryInf>
			</Ntry>
			<Ntry>
				<NtryRef>NYC 19010904382-0000002</NtryRef>
				<Amt Ccy="USD">261.85</Amt>
				<CdtDbtInd>DBIT</CdtDbtInd>
				<Sts>BOOK</Sts>
				<BookgDt>
					<Dt>2019-01-09</Dt>
				</BookgDt>
				<ValDt>
					<Dt>2019-01-09</Dt>
				</ValDt>
				<AcctSvcrRef>NYC 19010904382-0000002</AcctSvcrRef>
				<BkTxCd>
					<Domn>
						<Cd>PMNT</Cd>
						<Fmly>
							<Cd>ICDT</Cd>
							<SubFmlyCd>XBCT</SubFmlyCd>
						</Fmly>
					</Domn>
					<Prtry>
						<Cd>TRF</Cd>
						<Issr>SWIFT</Issr>
					</Prtry>
				</BkTxCd>
				<NtryDtls>
					<TxDtls>
						<Refs>
							<MsgId>286929</MsgId>
							<AcctSvcrRef>STOESI05190109202031747295000001</AcctSvcrRef>
							<PmtInfId>286929-1</PmtInfId>
							<InstrId>439364</InstrId>
							<EndToEndId>439364</EndToEndId>
						</Refs>
						<AmtDtls>
							<TxAmt>
								<Amt Ccy="USD">261.85</Amt>
							</TxAmt>
						</AmtDtls>
						<RltdPties>
							<Dbtr>
								<Nm>Test Customer</Nm>
							</Dbtr>
							<UltmtDbtr>
								<Nm>TEST Customer 2</Nm>
								<Id>
									<OrgId>
										<Othr>
											<Id>033333</Id>
											<SchmeNm>
												<Cd>CUST</Cd>
											</SchmeNm>
										</Othr>
									</OrgId>
								</Id>
							</UltmtDbtr>
							<Cdtr>
								<Nm>Beneficiary</Nm>
							</Cdtr>
							<CdtrAcct>
								<Id>
									<Othr>
										<Id>898989898989</Id>
										<SchmeNm>
											<Cd>BBAN</Cd>
										</SchmeNm>
									</Othr>
								</Id>
							</CdtrAcct>
						</RltdPties>
						<RltdAgts>
							<DbtrAgt>
								<FinInstnId>
									<Nm>Skandinaviska Enskilda Banken</Nm>
								</FinInstnId>
							</DbtrAgt>
							<CdtrAgt>
								<FinInstnId>
									<BIC>BOFAUS3NXXX</BIC>
								</FinInstnId>
							</CdtrAgt>
						</RltdAgts>
						<RmtInf>
							<Ustrd>2086425</Ustrd>
						</RmtInf>
					</TxDtls>
				</NtryDtls>
				<AddtlNtryInf>286929-1</AddtlNtryInf>
			</Ntry>
			<Ntry>
				<NtryRef>NYC 19010904383-0000003</NtryRef>
				<Amt Ccy="USD">206800.07</Amt>
				<CdtDbtInd>DBIT</CdtDbtInd>
				<Sts>BOOK</Sts>
				<BookgDt>
					<Dt>2019-01-09</Dt>
				</BookgDt>
				<ValDt>
					<Dt>2019-01-09</Dt>
				</ValDt>
				<AcctSvcrRef>NYC 19010904383-0000003</AcctSvcrRef>
				<BkTxCd>
					<Domn>
						<Cd>PMNT</Cd>
						<Fmly>
							<Cd>ICDT</Cd>
							<SubFmlyCd>XBCT</SubFmlyCd>
						</Fmly>
					</Domn>
					<Prtry>
						<Cd>TRF</Cd>
						<Issr>SWIFT</Issr>
					</Prtry>
				</BkTxCd>
				<NtryDtls>
					<TxDtls>
						<Refs>
							<MsgId>286929</MsgId>
							<AcctSvcrRef>STOESI05190109202031747296000001</AcctSvcrRef>
							<PmtInfId>286929-2</PmtInfId>
							<InstrId>439363</InstrId>
							<EndToEndId>439363</EndToEndId>
						</Refs>
						<AmtDtls>
							<InstdAmt>
								<Amt Ccy="SEK">1821226.21</Amt>
							</InstdAmt>
							<TxAmt>
								<Amt Ccy="USD">206800.07</Amt>
								<CcyXchg>
									<SrcCcy>SEK</SrcCcy>
									<TrgtCcy>USD</TrgtCcy>
									<UnitCcy>SEK</UnitCcy>
									<XchgRate>8.8067</XchgRate>
								</CcyXchg>
							</TxAmt>
							<PrtryAmt>
								<Tp>IBS</Tp>
								<Amt Ccy="SEK">1821226.21</Amt>
							</PrtryAmt>
						</AmtDtls>
						<RltdPties>
							<Dbtr>
								<Nm>TEST Customer</Nm>
							</Dbtr>
							<UltmtDbtr>
								<Nm>TEST Customer 2</Nm>
								<Id>
									<OrgId>
										<Othr>
											<Id>033333</Id>
											<SchmeNm>
												<Cd>CUST</Cd>
											</SchmeNm>
										</Othr>
									</OrgId>
								</Id>
							</UltmtDbtr>
							<Cdtr>
								<Nm>Beneficiary</Nm>
							</Cdtr>
							<CdtrAcct>
								<Id>
									<IBAN>SE2650000000054401044657</IBAN>
								</Id>
							</CdtrAcct>
						</RltdPties>
						<RltdAgts>
							<DbtrAgt>
								<FinInstnId>
									<Nm>Skandinaviska Enskilda Banken</Nm>
								</FinInstnId>
							</DbtrAgt>
							<CdtrAgt>
								<FinInstnId>
									<BIC>ESSESESSXXX</BIC>
								</FinInstnId>
							</CdtrAgt>
						</RltdAgts>
						<RmtInf>
							<Ustrd>00050103</Ustrd>
						</RmtInf>
					</TxDtls>
				</NtryDtls>
				<AddtlNtryInf>286929-2</AddtlNtryInf>
			</Ntry>
		</Ntfctn>
	</BkToCstmrDbtCdtNtfctn>
</Document>
