<?xml version="1.0" encoding="UTF-8"?>
<Document xmlns="urn:iso:std:iso:20022:tech:xsd:camt.054.001.02" xmlns:xsi="http://www.w3.org/2001/XMLSchema-instance" xsi:schemaLocation="urn:iso:std:iso:20022:tech:xsd:camt.054.001.02 file:///C:/Users/s90251/Desktop/files/Template/camt.054.001.02.xsd">
	<BkToCstmrDbtCdtNtfctn>
		<GrpHdr>
			<MsgId>3015779</MsgId>
			<CreDtTm>2018-11-28T04:09:37+01:00</CreDtTm>
			<MsgRcpt>
				<Id>
					<OrgId>
						<Othr>
							<Id>00331127800005</Id>
							<SchmeNm>
								<Cd>BANK</Cd>
							</SchmeNm>
						</Othr>
					</OrgId>
				</Id>
			</MsgRcpt>
			<AddtlInf>/CRED/</AddtlInf>
		</GrpHdr>
		<Ntfctn>
			<Id>STOIID65181128040506000001</Id>
			<CreDtTm>2018-11-28T04:05:05</CreDtTm>
			<Acct>
				<Id>
					<IBAN>SE5850000000052018263137</IBAN>
				</Id>
				<Ccy>EUR</Ccy>
				<Ownr>
					<Nm>TEST Customer</Nm>
					<Id>
						<OrgId>
							<Othr>
								<Id>00331127800005</Id>
								<SchmeNm>
									<Cd>BANK</Cd>
								</SchmeNm>
							</Othr>
						</OrgId>
					</Id>
				</Ownr>
				<Svcr>
					<FinInstnId>
						<BIC>ESSESESSXXX</BIC>
					</FinInstnId>
				</Svcr>
			</Acct>
			<RltdAcct>
				<Id>
					<IBAN>SE6650000000055558256362</IBAN>
				</Id>
			</RltdAcct>
			<TxsSummry>
				<TtlCdtNtries>
					<NbOfNtries>2</NbOfNtries>
					<Sum>990000</Sum>
				</TtlCdtNtries>
			</TxsSummry>
			<Ntry>
				<NtryRef>283319551856-0051601</NtryRef>
				<Amt Ccy="EUR">490000.00</Amt>
				<CdtDbtInd>CRDT</CdtDbtInd>
				<Sts>BOOK</Sts>
				<BookgDt>
					<Dt>2018-11-27</Dt>
				</BookgDt>
				<ValDt>
					<Dt>2018-11-27</Dt>
				</ValDt>
				<AcctSvcrRef>STOV55018230096051601</AcctSvcrRef>
				<BkTxCd>
					<Domn>
						<Cd>PMNT</Cd>
						<Fmly>
							<Cd>RCCN</Cd>
							<SubFmlyCd>ICCT</SubFmlyCd>
						</Fmly>
					</Domn>
					<Prtry>
						<Cd>TRF</Cd>
						<Issr>SWIFT</Issr>
					</Prtry>
				</BkTxCd>
				<NtryDtls>
					<TxDtls>
						<Refs>
							<AcctSvcrRef>STOKBOKN181126133650042840000001</AcctSvcrRef>
							<InstrId>283319551856</InstrId>
						</Refs>
						<AmtDtls>
							<TxAmt>
								<Amt Ccy="EUR">490000.00</Amt>
							</TxAmt>
						</AmtDtls>
						<RltdPties>
							<Dbtr>
								<Nm>Debtor</Nm>
								<PstlAdr>
									<AdrLine>Line 1</AdrLine>
									<AdrLine>Line 2</AdrLine>
									<AdrLine>Line 3</AdrLine>
								</PstlAdr>
							</Dbtr>
						</RltdPties>
						<RltdAgts>
							<DbtrAgt>
								<FinInstnId>
									<BIC>ESSESESS</BIC>
								</FinInstnId>
							</DbtrAgt>
						</RltdAgts>
						<RmtInf>
							<Ustrd>1002966</Ustrd>
						</RmtInf>
					</TxDtls>
				</NtryDtls>
			</Ntry>
			<Ntry>
				<NtryRef>283319557323-0054759</NtryRef>
				<Amt Ccy="EUR">500000.00</Amt>
				<CdtDbtInd>CRDT</CdtDbtInd>
				<Sts>BOOK</Sts>
				<BookgDt>
					<Dt>2018-11-27</Dt>
				</BookgDt>
				<ValDt>
					<Dt>2018-11-27</Dt>
				</ValDt>
				<AcctSvcrRef>STOV55018233982054759</AcctSvcrRef>
				<BkTxCd>
					<Domn>
						<Cd>PMNT</Cd>
						<Fmly>
							<Cd>RCCN</Cd>
							<SubFmlyCd>ICCT</SubFmlyCd>
						</Fmly>
					</Domn>
					<Prtry>
						<Cd>TRF</Cd>
						<Issr>SWIFT</Issr>
					</Prtry>
				</BkTxCd>
				<NtryDtls>
					<TxDtls>
						<Refs>
							<AcctSvcrRef>STOKBOKN181127152432032253000001</AcctSvcrRef>
							<InstrId>283319557323</InstrId>
						</Refs>
						<AmtDtls>
							<TxAmt>
								<Amt Ccy="EUR">500000.00</Amt>
							</TxAmt>
						</AmtDtls>
						<RltdPties>
							<Dbtr>
								<Nm>Debtor</Nm>
								<PstlAdr>
									<AdrLine>Line 1</AdrLine>
									<AdrLine>Line 2</AdrLine>
									<AdrLine>Line 3</AdrLine>
								</PstlAdr>
							</Dbtr>
						</RltdPties>
						<RltdAgts>
							<DbtrAgt>
								<FinInstnId>
									<BIC>ESSESESS</BIC>
								</FinInstnId>
							</DbtrAgt>
						</RltdAgts>
						<RmtInf>
							<Ustrd>FX 10025566,10025565</Ustrd>
						</RmtInf>
					</TxDtls>
				</NtryDtls>
			</Ntry>
		</Ntfctn>
	</BkToCstmrDbtCdtNtfctn>
</Document>
