<?xml version="1.0" encoding="UTF-8"?>
<Document xmlns:xsi="http://www.w3.org/2001/XMLSchema-instance" xmlns="urn:iso:std:iso:20022:tech:xsd:camt.054.001.02" xsi:schemaLocation="urn:iso:std:iso:20022:tech:xsd:camt.054.001.02 file:///C:/Users/s83113/Desktop/camt.054.001.02.xsd">
	<BkToCstmrDbtCdtNtfctn>
		<GrpHdr>
			<MsgId>10401444</MsgId>
			<CreDtTm>2020-11-03T12:02:00+01:00</CreDtTm>
			<MsgRcpt>
				<Id>
					<OrgId>
						<Othr>
							<Id>55609934290004</Id>
							<SchmeNm>
								<Cd>BANK</Cd>
							</SchmeNm>
						</Othr>
					</OrgId>
				</Id>
			</MsgRcpt>
			<AddtlInf>/NOTF/</AddtlInf>
		</GrpHdr>
		<Ntfctn>
			<Id>STOIID65201103120150000002</Id>
			<CreDtTm>2020-11-03T12:01:50</CreDtTm>
			<Acct>
				<Id>
					<IBAN>FI6933010009400445</IBAN>
				</Id>
				<Ccy>EUR</Ccy>
				<Ownr>
					<Nm>Test company</Nm>
					<Id>
						<OrgId>
							<Othr>
								<Id>55609934290004</Id>
								<SchmeNm>
									<Cd>BANK</Cd>
								</SchmeNm>
							</Othr>
						</OrgId>
					</Id>
				</Ownr>
				<Svcr>
					<FinInstnId>
						<BIC>ESSEFIHX</BIC>
					</FinInstnId>
				</Svcr>
			</Acct>
			<RltdAcct>
				<Id>
					<IBAN>FI5833010014402857</IBAN>
				</Id>
			</RltdAcct>
			<TxsSummry>
				<TtlCdtNtries>
					<NbOfNtries>3</NbOfNtries>
					<Sum>42782.88</Sum>
				</TtlCdtNtries>
				<TtlDbtNtries>
					<NbOfNtries>2</NbOfNtries>
					<Sum>55275.35</Sum>
				</TtlDbtNtries>
			</TxsSummry>
			<Ntry>
				<NtryRef>HEL 20110327338-0001091</NtryRef>
				<Amt Ccy="EUR">326.88</Amt>
				<CdtDbtInd>DBIT</CdtDbtInd>
				<Sts>BOOK</Sts>
				<BookgDt>
					<Dt>2020-11-03</Dt>
				</BookgDt>
				<ValDt>
					<Dt>2020-11-03</Dt>
				</ValDt>
				<AcctSvcrRef>HEL 20110327338-0001091</AcctSvcrRef>
				<BkTxCd>
					<Domn>
						<Cd>PMNT</Cd>
						<Fmly>
							<Cd>ICDT</Cd>
							<SubFmlyCd>ESCT</SubFmlyCd>
						</Fmly>
					</Domn>
					<Prtry>
						<Cd>TRF</Cd>
						<Issr>SWIFT</Issr>
					</Prtry>
				</BkTxCd>
				<NtryDtls>
					<TxDtls>
						<Refs>
							<MsgId>0000307980</MsgId>
							<AcctSvcrRef>STOESI052011030942289351060001</AcctSvcrRef>
							<PmtInfId>0002263089</PmtInfId>
							<InstrId>0002263089</InstrId>
							<EndToEndId>0002263089</EndToEndId>
						</Refs>
						<AmtDtls>
							<TxAmt>
								<Amt Ccy="EUR">326.88</Amt>
							</TxAmt>
						</AmtDtls>
						<RltdPties>
							<Dbtr>
								<Nm>Debtor AB</Nm>
							</Dbtr>
							<Cdtr>
								<Nm>Test customer</Nm>
							</Cdtr>
							<CdtrAcct>
								<Id>
									<IBAN>BG08UNCR765801522671491</IBAN>
								</Id>
							</CdtrAcct>
						</RltdPties>
						<RltdAgts>
							<DbtrAgt>
								<FinInstnId>
									<Nm>Skandinaviska Enskilda Banken</Nm>
								</FinInstnId>
							</DbtrAgt>
							<CdtrAgt>
								<FinInstnId>
									<BIC>UNCRBGSFXXX</BIC>
								</FinInstnId>
							</CdtrAgt>
						</RltdAgts>
						<RmtInf>
							<Ustrd>Free text information</Ustrd>
						</RmtInf>
					</TxDtls>
				</NtryDtls>
			</Ntry>
			<Ntry>
				<NtryRef>HEL 20110329376-0001095</NtryRef>
				<Amt Ccy="EUR">961.00</Amt>
				<CdtDbtInd>CRDT</CdtDbtInd>
				<Sts>BOOK</Sts>
				<BookgDt>
					<Dt>2020-11-03</Dt>
				</BookgDt>
				<ValDt>
					<Dt>2020-11-03</Dt>
				</ValDt>
				<AcctSvcrRef>HEL 20110329376-0001095</AcctSvcrRef>
				<BkTxCd>
					<Domn>
						<Cd>PMNT</Cd>
						<Fmly>
							<Cd>RCDT</Cd>
							<SubFmlyCd>ESCT</SubFmlyCd>
						</Fmly>
					</Domn>
					<Prtry>
						<Cd>TRF</Cd>
						<Issr>SWIFT</Issr>
					</Prtry>
				</BkTxCd>
				<NtryDtls>
					<TxDtls>
						<Refs>
							<AcctSvcrRef>STOEQU24201103095926002011000001</AcctSvcrRef>
							<EndToEndId>0018727000120000021670</EndToEndId>
						</Refs>
						<AmtDtls>
							<TxAmt>
								<Amt Ccy="EUR">961.00</Amt>
							</TxAmt>
						</AmtDtls>
						<RltdPties>
							<Dbtr>
								<Nm>Debtor Oy</Nm>
								<PstlAdr>
									<AdrLine>Street 25</AdrLine>
									<AdrLine>85479 TAMPERE</AdrLine>
								</PstlAdr>
							</Dbtr>
							<Cdtr>
								<Nm>Creditor Oy</Nm>
							</Cdtr>
						</RltdPties>
						<RltdAgts>
							<DbtrAgt>
								<FinInstnId>
									<BIC>DABAFIHH</BIC>
								</FinInstnId>
							</DbtrAgt>
						</RltdAgts>
						<RmtInf>
							<Strd>
								<CdtrRefInf>
									<Tp>
										<CdOrPrtry>
											<Cd>SCOR</Cd>
										</CdOrPrtry>
									</Tp>
									<Ref>9782287210</Ref>
								</CdtrRefInf>
							</Strd>
						</RmtInf>
					</TxDtls>
				</NtryDtls>
				<AddtlNtryInf>SCTLHPXB5OXFQ1R</AddtlNtryInf>
			</Ntry>
			<Ntry>
				<NtryRef>HEL 20110329433-0001096</NtryRef>
				<Amt Ccy="EUR">40664.96</Amt>
				<CdtDbtInd>CRDT</CdtDbtInd>
				<Sts>BOOK</Sts>
				<BookgDt>
					<Dt>2020-11-03</Dt>
				</BookgDt>
				<ValDt>
					<Dt>2020-11-03</Dt>
				</ValDt>
				<AcctSvcrRef>HEL 20110329433-0001096</AcctSvcrRef>
				<BkTxCd>
					<Domn>
						<Cd>PMNT</Cd>
						<Fmly>
							<Cd>RCDT</Cd>
							<SubFmlyCd>ESCT</SubFmlyCd>
						</Fmly>
					</Domn>
					<Prtry>
						<Cd>TRF</Cd>
						<Issr>SWIFT</Issr>
					</Prtry>
				</BkTxCd>
				<NtryDtls>
					<TxDtls>
						<Refs>
							<AcctSvcrRef>STOEQUC7201103103028C00001000001</AcctSvcrRef>
							<InstrId>11442</InstrId>
							<EndToEndId>11442</EndToEndId>
						</Refs>
						<AmtDtls>
							<TxAmt>
								<Amt Ccy="EUR">40664.96</Amt>
							</TxAmt>
						</AmtDtls>
						<RltdPties>
							<Dbtr>
								<Nm>Debtor Oy</Nm>
								<PstlAdr>
									<AdrLine>Freedom avenue 56</AdrLine>
									<AdrLine>ARJU COUNTY 75511</AdrLine>
								</PstlAdr>
							</Dbtr>
							<Cdtr>
								<Nm>Company Oy</Nm>
							</Cdtr>
						</RltdPties>
						<RltdAgts>
							<DbtrAgt>
								<FinInstnId>
									<BIC>ESSEFIHXXXX</BIC>
								</FinInstnId>
							</DbtrAgt>
						</RltdAgts>
						<RmtInf>
							<Ustrd>977385768,977385769,977385770,977385771,977385772</Ustrd>
						</RmtInf>
					</TxDtls>
				</NtryDtls>
			</Ntry>
			<Ntry>
				<NtryRef>HEL 20110293098-0001424</NtryRef>
				<Amt Ccy="EUR">54948.47</Amt>
				<CdtDbtInd>DBIT</CdtDbtInd>
				<Sts>BOOK</Sts>
				<BookgDt>
					<Dt>2020-11-02</Dt>
				</BookgDt>
				<ValDt>
					<Dt>2020-11-02</Dt>
				</ValDt>
				<AcctSvcrRef>HEL 20110293098-0001424</AcctSvcrRef>
				<BkTxCd>
					<Domn>
						<Cd>PMNT</Cd>
						<Fmly>
							<Cd>ICDT</Cd>
							<SubFmlyCd>ESCT</SubFmlyCd>
						</Fmly>
					</Domn>
					<Prtry>
						<Cd>TRF</Cd>
						<Issr>SWIFT</Issr>
					</Prtry>
				</BkTxCd>
				<NtryDtls>
					<TxDtls>
						<Refs>
							<MsgId>FI10100253401520201102140027</MsgId>
							<AcctSvcrRef>STOESI05201102155142858999000002</AcctSvcrRef>
							<PmtInfId>1002534116</PmtInfId>
							<InstrId>01-FI100010024064</InstrId>
							<EndToEndId>0010024064</EndToEndId>
						</Refs>
						<AmtDtls>
							<TxAmt>
								<Amt Ccy="EUR">2933.33</Amt>
							</TxAmt>
						</AmtDtls>
						<RltdPties>
							<Dbtr>
								<Nm>Oy Company</Nm>
							</Dbtr>
							<Cdtr>
								<Nm>Creditor OY</Nm>
							</Cdtr>
							<CdtrAcct>
								<Id>
									<IBAN>FI0415193987187597</IBAN>
								</Id>
							</CdtrAcct>
						</RltdPties>
						<RltdAgts>
							<DbtrAgt>
								<FinInstnId>
									<Nm>Skandinaviska Enskilda Banken</Nm>
								</FinInstnId>
							</DbtrAgt>
							<CdtrAgt>
								<FinInstnId>
									<BIC>NDEAFIHHXXX</BIC>
								</FinInstnId>
							</CdtrAgt>
						</RltdAgts>
						<RmtInf>
							<Ustrd>6900751887 6900785502 6901029034 6901074059 6901082953 6901110123 6901117398 6901122639</Ustrd>
							<Strd>
								<CdtrRefInf>
									<Tp>
										<CdOrPrtry>
											<Cd>SCOR</Cd>
										</CdOrPrtry>
									</Tp>
									<Ref>69007518879</Ref>
								</CdtrRefInf>
							</Strd>
							<Strd>
								<CdtrRefInf>
									<Tp>
										<CdOrPrtry>
											<Cd>SCOR</Cd>
										</CdOrPrtry>
									</Tp>
									<Ref>69007855024</Ref>
								</CdtrRefInf>
							</Strd>
							<Strd>
								<CdtrRefInf>
									<Tp>
										<CdOrPrtry>
											<Cd>SCOR</Cd>
										</CdOrPrtry>
									</Tp>
									<Ref>69010290346</Ref>
								</CdtrRefInf>
							</Strd>
							<Strd>
								<CdtrRefInf>
									<Tp>
										<CdOrPrtry>
											<Cd>SCOR</Cd>
										</CdOrPrtry>
									</Tp>
									<Ref>69010740595</Ref>
								</CdtrRefInf>
							</Strd>
							<Strd>
								<CdtrRefInf>
									<Tp>
										<CdOrPrtry>
											<Cd>SCOR</Cd>
										</CdOrPrtry>
									</Tp>
									<Ref>69010829539</Ref>
								</CdtrRefInf>
							</Strd>
							<Strd>
								<CdtrRefInf>
									<Tp>
										<CdOrPrtry>
											<Cd>SCOR</Cd>
										</CdOrPrtry>
									</Tp>
									<Ref>69011101230</Ref>
								</CdtrRefInf>
							</Strd>
							<Strd>
								<CdtrRefInf>
									<Tp>
										<CdOrPrtry>
											<Cd>SCOR</Cd>
										</CdOrPrtry>
									</Tp>
									<Ref>69011173983</Ref>
								</CdtrRefInf>
							</Strd>
							<Strd>
								<CdtrRefInf>
									<Tp>
										<CdOrPrtry>
											<Cd>SCOR</Cd>
										</CdOrPrtry>
									</Tp>
									<Ref>69011226393</Ref>
								</CdtrRefInf>
							</Strd>
						</RmtInf>
					</TxDtls>
				</NtryDtls>
			</Ntry>
			<Ntry>
				<NtryRef>HEL 20101959377-0000023</NtryRef>
				<Amt Ccy="EUR">1156.92</Amt>
				<CdtDbtInd>CRDT</CdtDbtInd>
				<Sts>BOOK</Sts>
				<BookgDt>
					<Dt>2020-10-19</Dt>
				</BookgDt>
				<ValDt>
					<Dt>2020-10-19</Dt>
				</ValDt>
				<AcctSvcrRef>HEL 20101959377-0000023</AcctSvcrRef>
				<BkTxCd>
					<Domn>
						<Cd>PMNT</Cd>
						<Fmly>
							<Cd>RCDT</Cd>
							<SubFmlyCd>ESCT</SubFmlyCd>
						</Fmly>
					</Domn>
					<Prtry>
						<Cd>TRF</Cd>
						<Issr>SWIFT</Issr>
					</Prtry>
				</BkTxCd>
				<NtryDtls>
					<TxDtls>
						<Refs>
							<AcctSvcrRef>STOEQUDD201019140013400058000001</AcctSvcrRef>
							<InstrId>01-FI100010023003</InstrId>
							<EndToEndId>0010023003</EndToEndId>
						</Refs>
						<AmtDtls>
							<TxAmt>
								<Amt Ccy="EUR">1156.92</Amt>
							</TxAmt>
						</AmtDtls>
						<RltdPties>
							<Dbtr>
								<Nm>Company Oy</Nm>
								<PstlAdr>
									<AdrLine>. . </AdrLine>
									<AdrLine>High street 85, ESPOO</AdrLine>
								</PstlAdr>
							</Dbtr>
							<Cdtr>
								<Nm>Receiver Oy</Nm>
							</Cdtr>
						</RltdPties>
						<RltdAgts>
							<DbtrAgt>
								<FinInstnId>
									<BIC>ESSEFIHXXXX</BIC>
								</FinInstnId>
							</DbtrAgt>
							<CdtrAgt>
								<FinInstnId>
									<BIC>ESSEFIHXXXX</BIC>
								</FinInstnId>
							</CdtrAgt>
						</RltdAgts>
						<RmtInf>
							<Strd>
								<CdtrRefInf>
									<Tp>
										<CdOrPrtry>
											<Cd>SCOR</Cd>
										</CdOrPrtry>
									</Tp>
									<Ref>39030270321</Ref>
								</CdtrRefInf>
							</Strd>
						</RmtInf>
					</TxDtls>
				</NtryDtls>
			</Ntry>
		</Ntfctn>
	</BkToCstmrDbtCdtNtfctn>
</Document>
