<?xml version="1.0" encoding="UTF-8"?>
<Document xmlns="urn:iso:std:iso:20022:tech:xsd:camt.053.001.02" xmlns:xsi="http://www.w3.org/2001/XMLSchema-instance" xsi:schemaLocation="urn:iso:std:iso:20022:tech:xsd:camt.053.001.02 file:///C:/Users/s90251/Desktop/files/Template/camt.053.001.02.xsd">
	<BkToCstmrStmt>
		<GrpHdr>
			<MsgId>3208563</MsgId>
			<CreDtTm>2019-01-03T01:55:02+01:00</CreDtTm>
			<MsgRcpt>
				<Id>
					<OrgId>
						<Othr>
							<Id>00331127800005</Id>
							<SchmeNm>
								<Cd>BANK</Cd>
							</SchmeNm>
						</Othr>
					</OrgId>
				</Id>
			</MsgRcpt>
		</GrpHdr>
		<Stmt>
			<Id>STOIID45190103014417000013</Id>
			<ElctrncSeqNb>1</ElctrncSeqNb>
			<LglSeqNb>1</LglSeqNb>
			<CreDtTm>2019-01-03T01:44:17+01:00</CreDtTm>
			<FrToDt>
				<FrDtTm>2019-01-02T00:00:01+01:00</FrDtTm>
				<ToDtTm>2019-01-02T23:59:59+01:00</ToDtTm>
			</FrToDt>
			<Acct>
				<Id>
					<IBAN>GB89ESSE40486562587010</IBAN>
				</Id>
				<Ccy>GBP</Ccy>
				<Ownr>
					<Nm>TEST Customer</Nm>
					<Id>
						<OrgId>
							<Othr>
								<Id>00331127800005</Id>
								<SchmeNm>
									<Cd>BANK</Cd>
								</SchmeNm>
							</Othr>
						</OrgId>
					</Id>
				</Ownr>
				<Svcr>
					<FinInstnId>
						<BIC>ESSEGB2LXXX</BIC>
					</FinInstnId>
				</Svcr>
			</Acct>
			<RltdAcct>
				<Id>
					<IBAN>GB72ESSE40486527763055</IBAN>
				</Id>
			</RltdAcct>
			<Intrst>
				<Tp>
					<Cd>OVRN</Cd>
				</Tp>
				<Rate>
					<Tp>
						<Pctg>0.76</Pctg>
					</Tp>
					<VldtyRg>
						<Amt>
							<FrAmt>
								<BdryAmt>0.00</BdryAmt>
								<Incl>false</Incl>
							</FrAmt>
						</Amt>
						<CdtDbtInd>CRDT</CdtDbtInd>
						<Ccy>GBP</Ccy>
					</VldtyRg>
				</Rate>
			</Intrst>
			<Intrst>
				<Tp>
					<Cd>OVRN</Cd>
				</Tp>
				<Rate>
					<Tp>
						<Pctg>2.76</Pctg>
					</Tp>
					<VldtyRg>
						<Amt>
							<FrAmt>
								<BdryAmt>0.00</BdryAmt>
								<Incl>false</Incl>
							</FrAmt>
						</Amt>
						<CdtDbtInd>DBIT</CdtDbtInd>
						<Ccy>GBP</Ccy>
					</VldtyRg>
				</Rate>
			</Intrst>
			<Intrst>
				<Tp>
					<Cd>OVRN</Cd>
				</Tp>
				<Rate>
					<Tp>
						<Pctg>0.76</Pctg>
					</Tp>
					<VldtyRg>
						<Amt>
							<FrAmt>
								<BdryAmt>0.00</BdryAmt>
								<Incl>false</Incl>
							</FrAmt>
						</Amt>
						<CdtDbtInd>DBIT</CdtDbtInd>
						<Ccy>GBP</Ccy>
					</VldtyRg>
				</Rate>
			</Intrst>
			<Bal>
				<Tp>
					<CdOrPrtry>
						<Cd>OPBD</Cd>
					</CdOrPrtry>
				</Tp>
				<Amt Ccy="GBP">4398415.09</Amt>
				<CdtDbtInd>DBIT</CdtDbtInd>
				<Dt>
					<Dt>2019-01-02</Dt>
				</Dt>
			</Bal>
			<Bal>
				<Tp>
					<CdOrPrtry>
						<Cd>CLBD</Cd>
					</CdOrPrtry>
				</Tp>
				<CdtLine>
					<Incl>false</Incl>
					<Amt Ccy="GBP">20000000</Amt>
				</CdtLine>
				<Amt Ccy="GBP">4032521.63</Amt>
				<CdtDbtInd>DBIT</CdtDbtInd>
				<Dt>
					<Dt>2019-01-02</Dt>
				</Dt>
			</Bal>
			<Bal>
				<Tp>
					<CdOrPrtry>
						<Cd>CLAV</Cd>
					</CdOrPrtry>
				</Tp>
				<CdtLine>
					<Incl>false</Incl>
					<Amt Ccy="GBP">20000000</Amt>
				</CdtLine>
				<Amt Ccy="GBP">4032521.63</Amt>
				<CdtDbtInd>DBIT</CdtDbtInd>
				<Dt>
					<Dt>2019-01-02</Dt>
				</Dt>
			</Bal>
			<TxsSummry>
				<TtlCdtNtries>
					<NbOfNtries>1</NbOfNtries>
					<Sum>470</Sum>
				</TtlCdtNtries>
				<TtlDbtNtries>
					<NbOfNtries>2</NbOfNtries>
					<Sum>366363.46</Sum>
				</TtlDbtNtries>
			</TxsSummry>
			<Ntry>
				<NtryRef>LON 19010203206-0000001</NtryRef>
				<Amt Ccy="GBP">68785.68</Amt>
				<CdtDbtInd>DBIT</CdtDbtInd>
				<Sts>BOOK</Sts>
				<BookgDt>
					<Dt>2019-01-02</Dt>
				</BookgDt>
				<ValDt>
					<Dt>2019-01-02</Dt>
				</ValDt>
				<AcctSvcrRef>LON 19010203206-0000001</AcctSvcrRef>
				<BkTxCd>
					<Domn>
						<Cd>PMNT</Cd>
						<Fmly>
							<Cd>ICDT</Cd>
							<SubFmlyCd>XBCT</SubFmlyCd>
						</Fmly>
					</Domn>
					<Prtry>
						<Cd>TRF</Cd>
						<Issr>SWIFT</Issr>
					</Prtry>
				</BkTxCd>
				<NtryDtls>
					<TxDtls>
						<Refs>
							<MsgId>2702-334923</MsgId>
							<AcctSvcrRef>STOESI05181227130731251657000001</AcctSvcrRef>
							<PmtInfId>334923</PmtInfId>
							<InstrId>334923-1</InstrId>
							<EndToEndId>2412763</EndToEndId>
						</Refs>
						<AmtDtls>
							<TxAmt>
								<Amt Ccy="GBP">68785.68</Amt>
							</TxAmt>
						</AmtDtls>
						<RltdPties>
							<Dbtr>
								<Nm>TEST Customer</Nm>
							</Dbtr>
							<UltmtDbtr>
								<Nm>TEST Customer 2</Nm>
								<Id>
									<OrgId>
										<Othr>
											<Id>55555555</Id>
											<SchmeNm>
												<Cd>CUST</Cd>
											</SchmeNm>
										</Othr>
									</OrgId>
								</Id>
							</UltmtDbtr>
							<Cdtr>
								<Nm>Beneficiary</Nm>
							</Cdtr>
							<CdtrAcct>
								<Id>
									<IBAN>BE79333333333333</IBAN>
								</Id>
							</CdtrAcct>
						</RltdPties>
						<RltdAgts>
							<DbtrAgt>
								<FinInstnId>
									<Nm>Skandinaviska Enskilda Banken</Nm>
								</FinInstnId>
							</DbtrAgt>
							<CdtrAgt>
								<FinInstnId>
									<BIC>BBRUBEBBXXX</BIC>
								</FinInstnId>
							</CdtrAgt>
						</RltdAgts>
						<RmtInf>
							<Ustrd>68785</Ustrd>
						</RmtInf>
					</TxDtls>
				</NtryDtls>
				<AddtlNtryInf>334923</AddtlNtryInf>
			</Ntry>
			<Ntry>
				<NtryRef>LON 19010229772-0000001</NtryRef>
				<Amt Ccy="GBP">297577.78</Amt>
				<CdtDbtInd>DBIT</CdtDbtInd>
				<Sts>BOOK</Sts>
				<BookgDt>
					<Dt>2019-01-02</Dt>
				</BookgDt>
				<ValDt>
					<Dt>2019-01-02</Dt>
				</ValDt>
				<AcctSvcrRef>LON 19010229772-0000001</AcctSvcrRef>
				<BkTxCd>
					<Domn>
						<Cd>PMNT</Cd>
						<Fmly>
							<Cd>ICCN</Cd>
							<SubFmlyCd>ICCT</SubFmlyCd>
						</Fmly>
					</Domn>
					<Prtry>
						<Cd>TRF</Cd>
						<Issr>SWIFT</Issr>
					</Prtry>
				</BkTxCd>
				<NtryDtls>
					<TxDtls>
						<Refs>
							<AcctSvcrRef>STONCM01190102151703013221000001</AcctSvcrRef>
						</Refs>
						<AmtDtls>
							<TxAmt>
								<Amt Ccy="GBP">297577.78</Amt>
							</TxAmt>
						</AmtDtls>
						<RltdPties>
							<Dbtr>
								<Nm>TEST Customer</Nm>
							</Dbtr>
							<Cdtr>
								<Nm>Beneficiary</Nm>
							</Cdtr>
							<CdtrAcct>
								<Id>
									<Othr>
										<Id>60606060</Id>
										<SchmeNm>
											<Cd>BBAN</Cd>
										</SchmeNm>
									</Othr>
								</Id>
							</CdtrAcct>
						</RltdPties>
						<RltdAgts>
							<DbtrAgt>
								<FinInstnId>
									<Nm>Skandinaviska Enskilda Banken</Nm>
								</FinInstnId>
							</DbtrAgt>
							<CdtrAgt>
								<FinInstnId>
									<BIC>ESSEGB2LXXX</BIC>
								</FinInstnId>
							</CdtrAgt>
						</RltdAgts>
						<RmtInf>
							<Ustrd>0052</Ustrd>
						</RmtInf>
					</TxDtls>
				</NtryDtls>
				<AddtlNtryInf>0107151703013221</AddtlNtryInf>
			</Ntry>
			<Ntry>
				<NtryRef>LON 19010202351-0000001</NtryRef>
				<Amt Ccy="GBP">470.00</Amt>
				<CdtDbtInd>CRDT</CdtDbtInd>
				<Sts>BOOK</Sts>
				<BookgDt>
					<Dt>2019-01-02</Dt>
				</BookgDt>
				<ValDt>
					<Dt>2019-01-02</Dt>
				</ValDt>
				<AcctSvcrRef>LON 19010202351-0000001</AcctSvcrRef>
				<BkTxCd>
					<Domn>
						<Cd>PMNT</Cd>
						<Fmly>
							<Cd>RCDT</Cd>
							<SubFmlyCd>PRCT</SubFmlyCd>
						</Fmly>
					</Domn>
					<Prtry>
						<Cd>TRF</Cd>
						<Issr>SWIFT</Issr>
					</Prtry>
				</BkTxCd>
				<NtryDtls>
					<TxDtls>
						<Refs>
							<AcctSvcrRef>LONXMT01201901080739002351000001</AcctSvcrRef>
						</Refs>
						<AmtDtls>
							<TxAmt>
								<Amt Ccy="GBP">470.00</Amt>
							</TxAmt>
						</AmtDtls>
						<RltdPties>
							<Dbtr>
								<Nm>Debtor</Nm>
								<PstlAdr>
									<StrtNm>Street name</StrtNm>
									<TwnNm>Town name</TwnNm>
								</PstlAdr>
							</Dbtr>
							<Cdtr>
								<Nm>TEST Customer</Nm>
							</Cdtr>
						</RltdPties>
						<RltdAgts>
							<DbtrAgt>
								<FinInstnId>
									<BIC>BARCGB22XXX</BIC>
								</FinInstnId>
							</DbtrAgt>
							<CdtrAgt>
								<FinInstnId>
									<BIC>ESSEGB2LXXX</BIC>
								</FinInstnId>
							</CdtrAgt>
						</RltdAgts>
						<RmtInf>
							<Ustrd>81614681</Ustrd>
						</RmtInf>
					</TxDtls>
				</NtryDtls>
				<AddtlNtryInf>GBC08019AO0R8YV4</AddtlNtryInf>
			</Ntry>
		</Stmt>
	</BkToCstmrStmt>
</Document>
