<?xml version="1.0" encoding="UTF-8"?>
<Document xmlns="urn:iso:std:iso:20022:tech:xsd:camt.054.001.02" xmlns:xsi="http://www.w3.org/2001/XMLSchema-instance" xsi:schemaLocation="urn:iso:std:iso:20022:tech:xsd:camt.054.001.02 file:///C:/Users/s90251/Desktop/files/Template/camt.054.001.02.xsd">
	<BkToCstmrDbtCdtNtfctn>
		<GrpHdr>
			<MsgId>2697733</MsgId>
			<CreDtTm>2018-10-01T03:03:32+01:00</CreDtTm>
			<MsgRcpt>
				<Id>
					<OrgId>
						<Othr>
							<Id>00331127800005</Id>
							<SchmeNm>
								<Cd>BANK</Cd>
							</SchmeNm>
						</Othr>
					</OrgId>
				</Id>
			</MsgRcpt>
			<AddtlInf>/INTR/</AddtlInf>
		</GrpHdr>
		<Ntfctn>
			<Id>STOIID65181001030244000002</Id>
			<CreDtTm>2018-10-01T03:02:44</CreDtTm>
			<Acct>
				<Id>
					<IBAN>FI3433010000500645</IBAN>
				</Id>
				<Ccy>GBP</Ccy>
				<Nm>TEST Customer</Nm>
				<Ownr>
					<Id>
						<OrgId>
							<Othr>
								<Id>00331127800005</Id>
								<SchmeNm>
									<Cd>BANK</Cd>
								</SchmeNm>
							</Othr>
						</OrgId>
					</Id>
				</Ownr>
				<Svcr>
					<FinInstnId>
						<BIC>ESSEFIHXXXX</BIC>
					</FinInstnId>
				</Svcr>
			</Acct>
			<RltdAcct>
				<Id>
					<IBAN>FI1133010005006127</IBAN>
				</Id>
			</RltdAcct>
			<TxsSummry>
				<TtlNtries>
					<NbOfNtries>5</NbOfNtries>
					<Sum>6.46</Sum>
				</TtlNtries>
				<TtlCdtNtries>
					<NbOfNtries>4</NbOfNtries>
					<Sum>6.28</Sum>
				</TtlCdtNtries>
				<TtlDbtNtries>
					<NbOfNtries>1</NbOfNtries>
					<Sum>0.18</Sum>
				</TtlDbtNtries>
			</TxsSummry>
			<Ntry>
				<NtryRef>STOIID65181001030244000002-1</NtryRef>
				<Amt Ccy="GBP">0</Amt>
				<CdtDbtInd>CRDT</CdtDbtInd>
				<Sts>INFO</Sts>
				<BkTxCd>
					<Domn>
						<Cd>ACMT</Cd>
						<Fmly>
							<Cd>MCOP</Cd>
							<SubFmlyCd>INTR</SubFmlyCd>
						</Fmly>
					</Domn>
					<Prtry>
						<Cd>INT</Cd>
						<Issr>SWIFT</Issr>
					</Prtry>
				</BkTxCd>
				<NtryDtls>
					<TxDtls>
						<AmtDtls>
							<TxAmt>
								<Amt Ccy="GBP">0</Amt>
							</TxAmt>
						</AmtDtls>
						<Intrst>
							<Amt Ccy="GBP">0</Amt>
							<CdtDbtInd>DBIT</CdtDbtInd>
							<FrToDt>
								<FrDtTm>2018-09-30T00:00:00+01:00</FrDtTm>
								<ToDtTm>2018-09-30T23:59:59+01:00</ToDtTm>
							</FrToDt>
							<Rsn>ACCD</Rsn>
						</Intrst>
						<RltdPties>
							<DbtrAcct>
								<Id>
									<IBAN>FI3433010000555555</IBAN>
								</Id>
							</DbtrAcct>
							<CdtrAcct>
								<Id>
									<IBAN>FI3433010000500645</IBAN>
								</Id>
							</CdtrAcct>
						</RltdPties>
						<RltdDts>
							<Prtry>
								<Tp>INTR</Tp>
								<Dt>
									<Dt>2018-09-30</Dt>
								</Dt>
							</Prtry>
						</RltdDts>
						<AddtlTxInf>INTN</AddtlTxInf>
					</TxDtls>
					<TxDtls>
						<AmtDtls>
							<TxAmt>
								<Amt Ccy="GBP">0</Amt>
							</TxAmt>
						</AmtDtls>
						<Intrst>
							<Amt Ccy="GBP">0</Amt>
							<CdtDbtInd>CRDT</CdtDbtInd>
							<FrToDt>
								<FrDtTm>2018-09-30T00:00:00+01:00</FrDtTm>
								<ToDtTm>2018-09-30T23:59:59+01:00</ToDtTm>
							</FrToDt>
							<Rsn>ACCC</Rsn>
						</Intrst>
						<RltdPties>
							<DbtrAcct>
								<Id>
									<IBAN>FI3433010000555555</IBAN>
								</Id>
							</DbtrAcct>
							<CdtrAcct>
								<Id>
									<IBAN>FI3433010000500645</IBAN>
								</Id>
							</CdtrAcct>
						</RltdPties>
						<RltdDts>
							<Prtry>
								<Tp>INTR</Tp>
								<Dt>
									<Dt>2018-09-30</Dt>
								</Dt>
							</Prtry>
						</RltdDts>
						<AddtlTxInf>INTN</AddtlTxInf>
					</TxDtls>
					<TxDtls>
						<AmtDtls>
							<TxAmt>
								<Amt Ccy="GBP">0</Amt>
							</TxAmt>
						</AmtDtls>
						<Intrst>
							<Amt Ccy="GBP">0</Amt>
							<CdtDbtInd>DBIT</CdtDbtInd>
							<FrToDt>
								<FrDtTm>2018-09-30T00:00:00+01:00</FrDtTm>
								<ToDtTm>2018-09-30T23:59:59+01:00</ToDtTm>
							</FrToDt>
							<Rsn>ACCO</Rsn>
						</Intrst>
						<RltdPties>
							<DbtrAcct>
								<Id>
									<IBAN>FI3433010000500645</IBAN>
								</Id>
							</DbtrAcct>
							<CdtrAcct>
								<Id>
									<IBAN>FI3233010005006234</IBAN>
								</Id>
							</CdtrAcct>
						</RltdPties>
						<RltdDts>
							<Prtry>
								<Tp>INTR</Tp>
								<Dt>
									<Dt>2018-09-30</Dt>
								</Dt>
							</Prtry>
						</RltdDts>
						<AddtlTxInf>INTN</AddtlTxInf>
					</TxDtls>
					<TxDtls>
						<AmtDtls>
							<TxAmt>
								<Amt Ccy="GBP">0</Amt>
							</TxAmt>
						</AmtDtls>
						<Intrst>
							<Amt Ccy="GBP">0</Amt>
							<CdtDbtInd>DBIT</CdtDbtInd>
							<FrToDt>
								<FrDtTm>2018-09-30T00:00:00+01:00</FrDtTm>
								<ToDtTm>2018-09-30T23:59:59+01:00</ToDtTm>
							</FrToDt>
							<Rsn>ACDA</Rsn>
						</Intrst>
						<RltdPties>
							<DbtrAcct>
								<Id>
									<IBAN>FI3433010000500645</IBAN>
								</Id>
							</DbtrAcct>
							<CdtrAcct>
								<Id>
									<IBAN>FI3233010005006234</IBAN>
								</Id>
							</CdtrAcct>
						</RltdPties>
						<RltdDts>
							<Prtry>
								<Tp>INTR</Tp>
								<Dt>
									<Dt>2018-09-30</Dt>
								</Dt>
							</Prtry>
						</RltdDts>
						<AddtlTxInf>INTN</AddtlTxInf>
					</TxDtls>
					<TxDtls>
						<AmtDtls>
							<TxAmt>
								<Amt Ccy="GBP">0</Amt>
							</TxAmt>
						</AmtDtls>
						<Intrst>
							<Amt Ccy="GBP">0</Amt>
							<CdtDbtInd>CRDT</CdtDbtInd>
							<FrToDt>
								<FrDtTm>2018-09-30T00:00:00+01:00</FrDtTm>
								<ToDtTm>2018-09-30T23:59:59+01:00</ToDtTm>
							</FrToDt>
							<Rsn>ACCA</Rsn>
						</Intrst>
						<RltdPties>
							<DbtrAcct>
								<Id>
									<IBAN>FI3433010000500645</IBAN>
								</Id>
							</DbtrAcct>
							<CdtrAcct>
								<Id>
									<IBAN>FI3233010005006234</IBAN>
								</Id>
							</CdtrAcct>
						</RltdPties>
						<RltdDts>
							<Prtry>
								<Tp>INTR</Tp>
								<Dt>
									<Dt>2018-09-30</Dt>
								</Dt>
							</Prtry>
						</RltdDts>
						<AddtlTxInf>INTN</AddtlTxInf>
					</TxDtls>
					<TxDtls>
						<AmtDtls>
							<TxAmt>
								<Amt Ccy="GBP">0</Amt>
							</TxAmt>
						</AmtDtls>
						<Intrst>
							<Amt Ccy="GBP">0</Amt>
							<CdtDbtInd>DBIT</CdtDbtInd>
							<FrToDt>
								<FrDtTm>2018-09-30T00:00:00+01:00</FrDtTm>
								<ToDtTm>2018-09-30T23:59:59+01:00</ToDtTm>
							</FrToDt>
							<Rsn>ACOA</Rsn>
						</Intrst>
						<RltdPties>
							<DbtrAcct>
								<Id>
									<IBAN>FI3433010000500645</IBAN>
								</Id>
							</DbtrAcct>
							<CdtrAcct>
								<Id>
									<IBAN>FI3233010005006234</IBAN>
								</Id>
							</CdtrAcct>
						</RltdPties>
						<RltdDts>
							<Prtry>
								<Tp>INTR</Tp>
								<Dt>
									<Dt>2018-09-30</Dt>
								</Dt>
							</Prtry>
						</RltdDts>
						<AddtlTxInf>INTN</AddtlTxInf>
					</TxDtls>
				</NtryDtls>
			</Ntry>
			<Ntry>
				<NtryRef>STOIID65181001030244000002-2</NtryRef>
				<Amt Ccy="GBP">0</Amt>
				<CdtDbtInd>CRDT</CdtDbtInd>
				<Sts>BOOK</Sts>
				<BkTxCd>
					<Domn>
						<Cd>ACMT</Cd>
						<Fmly>
							<Cd>MCOP</Cd>
							<SubFmlyCd>INTR</SubFmlyCd>
						</Fmly>
					</Domn>
					<Prtry>
						<Cd>INT</Cd>
						<Issr>SWIFT</Issr>
					</Prtry>
				</BkTxCd>
				<NtryDtls>
					<TxDtls>
						<AmtDtls>
							<TxAmt>
								<Amt Ccy="GBP">0</Amt>
							</TxAmt>
						</AmtDtls>
						<Intrst>
							<Amt Ccy="GBP">0</Amt>
							<CdtDbtInd>CRDT</CdtDbtInd>
							<FrToDt>
								<FrDtTm>2018-09-01T00:00:00+01:00</FrDtTm>
								<ToDtTm>2018-09-30T23:59:59+01:00</ToDtTm>
							</FrToDt>
							<Rsn>BKDC</Rsn>
						</Intrst>
						<RltdPties>
							<DbtrAcct>
								<Id>
									<IBAN>FI3433010000555555</IBAN>
								</Id>
							</DbtrAcct>
							<CdtrAcct>
								<Id>
									<IBAN>FI3433010000500645</IBAN>
								</Id>
							</CdtrAcct>
						</RltdPties>
						<RltdDts>
							<Prtry>
								<Tp>INTR</Tp>
								<Dt>
									<Dt>2018-09-30</Dt>
								</Dt>
							</Prtry>
						</RltdDts>
						<AddtlTxInf>INTN</AddtlTxInf>
					</TxDtls>
				</NtryDtls>
			</Ntry>
			<Ntry>
				<NtryRef>STOIID65181001030244000002-3</NtryRef>
				<Amt Ccy="GBP">6.28</Amt>
				<CdtDbtInd>CRDT</CdtDbtInd>
				<Sts>BOOK</Sts>
				<BkTxCd>
					<Domn>
						<Cd>ACMT</Cd>
						<Fmly>
							<Cd>MCOP</Cd>
							<SubFmlyCd>INTR</SubFmlyCd>
						</Fmly>
					</Domn>
					<Prtry>
						<Cd>INT</Cd>
						<Issr>SWIFT</Issr>
					</Prtry>
				</BkTxCd>
				<NtryDtls>
					<TxDtls>
						<AmtDtls>
							<TxAmt>
								<Amt Ccy="GBP">6.28</Amt>
							</TxAmt>
						</AmtDtls>
						<Intrst>
							<Amt Ccy="GBP">6.28</Amt>
							<CdtDbtInd>DBIT</CdtDbtInd>
							<FrToDt>
								<FrDtTm>2018-09-01T00:00:00+01:00</FrDtTm>
								<ToDtTm>2018-09-30T23:59:59+01:00</ToDtTm>
							</FrToDt>
							<Rsn>BKDD</Rsn>
						</Intrst>
						<RltdPties>
							<DbtrAcct>
								<Id>
									<IBAN>FI3433010000555555</IBAN>
								</Id>
							</DbtrAcct>
							<CdtrAcct>
								<Id>
									<IBAN>FI3433010000500645</IBAN>
								</Id>
							</CdtrAcct>
						</RltdPties>
						<RltdDts>
							<Prtry>
								<Tp>INTR</Tp>
								<Dt>
									<Dt>2018-09-30</Dt>
								</Dt>
							</Prtry>
						</RltdDts>
						<AddtlTxInf>INTN</AddtlTxInf>
					</TxDtls>
				</NtryDtls>
			</Ntry>
			<Ntry>
				<NtryRef>STOIID65181001030244000002-4</NtryRef>
				<Amt Ccy="GBP">0</Amt>
				<CdtDbtInd>CRDT</CdtDbtInd>
				<Sts>BOOK</Sts>
				<BkTxCd>
					<Domn>
						<Cd>ACMT</Cd>
						<Fmly>
							<Cd>MCOP</Cd>
							<SubFmlyCd>INTR</SubFmlyCd>
						</Fmly>
					</Domn>
					<Prtry>
						<Cd>INT</Cd>
						<Issr>SWIFT</Issr>
					</Prtry>
				</BkTxCd>
				<NtryDtls>
					<TxDtls>
						<AmtDtls>
							<TxAmt>
								<Amt Ccy="GBP">0</Amt>
							</TxAmt>
						</AmtDtls>
						<Intrst>
							<Amt Ccy="GBP">0</Amt>
							<CdtDbtInd>CRDT</CdtDbtInd>
							<FrToDt>
								<FrDtTm>2018-09-01T00:00:00+01:00</FrDtTm>
								<ToDtTm>2018-09-30T23:59:59+01:00</ToDtTm>
							</FrToDt>
							<Rsn>BKCA</Rsn>
						</Intrst>
						<RltdPties>
							<DbtrAcct>
								<Id>
									<IBAN>FI3433010000555555</IBAN>
								</Id>
							</DbtrAcct>
							<CdtrAcct>
								<Id>
									<IBAN>FI3433010000500645</IBAN>
								</Id>
							</CdtrAcct>
						</RltdPties>
						<RltdDts>
							<Prtry>
								<Tp>INTR</Tp>
								<Dt>
									<Dt>2018-09-30</Dt>
								</Dt>
							</Prtry>
						</RltdDts>
						<AddtlTxInf>INTN</AddtlTxInf>
					</TxDtls>
				</NtryDtls>
			</Ntry>
			<Ntry>
				<NtryRef>STOIID65181001030244000002-5</NtryRef>
				<Amt Ccy="GBP">0.18</Amt>
				<CdtDbtInd>DBIT</CdtDbtInd>
				<Sts>BOOK</Sts>
				<BkTxCd>
					<Domn>
						<Cd>ACMT</Cd>
						<Fmly>
							<Cd>MDOP</Cd>
							<SubFmlyCd>INTR</SubFmlyCd>
						</Fmly>
					</Domn>
					<Prtry>
						<Cd>INT</Cd>
						<Issr>SWIFT</Issr>
					</Prtry>
				</BkTxCd>
				<NtryDtls>
					<TxDtls>
						<AmtDtls>
							<TxAmt>
								<Amt Ccy="GBP">0.18</Amt>
							</TxAmt>
						</AmtDtls>
						<Intrst>
							<Amt Ccy="GBP">0.18</Amt>
							<CdtDbtInd>CRDT</CdtDbtInd>
							<FrToDt>
								<FrDtTm>2018-09-01T00:00:00+01:00</FrDtTm>
								<ToDtTm>2018-09-30T23:59:59+01:00</ToDtTm>
							</FrToDt>
							<Rsn>BKDA</Rsn>
						</Intrst>
						<RltdPties>
							<DbtrAcct>
								<Id>
									<IBAN>FI3433010000500645</IBAN>
								</Id>
							</DbtrAcct>
							<CdtrAcct>
								<Id>
									<IBAN>FI3233010005006234</IBAN>
								</Id>
							</CdtrAcct>
						</RltdPties>
						<RltdDts>
							<Prtry>
								<Tp>INTR</Tp>
								<Dt>
									<Dt>2018-09-30</Dt>
								</Dt>
							</Prtry>
						</RltdDts>
						<AddtlTxInf>INTN</AddtlTxInf>
					</TxDtls>
				</NtryDtls>
			</Ntry>
		</Ntfctn>
	</BkToCstmrDbtCdtNtfctn>
</Document>
