<?xml version="1.0" encoding="UTF-8"?>
<Document xmlns="urn:iso:std:iso:20022:tech:xsd:camt.053.001.02" xmlns:xsi="http://www.w3.org/2001/XMLSchema-instance" xsi:schemaLocation="urn:iso:std:iso:20022:tech:xsd:camt.053.001.02 file:///C:/Users/s90251/Desktop/files/Template/camt.053.001.02.xsd">
	<BkToCstmrStmt>
		<GrpHdr>
			<MsgId>3098888</MsgId>
			<CreDtTm>2018-12-11T07:33:23+01:00</CreDtTm>
			<MsgRcpt>
				<Id>
					<OrgId>
						<Othr>
							<Id>00331127800005</Id>
							<SchmeNm>
								<Cd>BANK</Cd>
							</SchmeNm>
						</Othr>
					</OrgId>
				</Id>
			</MsgRcpt>
		</GrpHdr>
		<Stmt>
			<Id>STOIID45181211073134000008</Id>
			<ElctrncSeqNb>237</ElctrncSeqNb>
			<LglSeqNb>237</LglSeqNb>
			<CreDtTm>2018-12-11T07:31:32+01:00</CreDtTm>
			<FrToDt>
				<FrDtTm>2018-12-10T00:00:01+01:00</FrDtTm>
				<ToDtTm>2018-12-10T23:59:59+01:00</ToDtTm>
			</FrToDt>
			<Acct>
				<Id>
					<Othr>
						<Id>52950001691147</Id>
						<SchmeNm>
							<Cd>BBAN</Cd>
						</SchmeNm>
					</Othr>
				</Id>
				<Ccy>DKK</Ccy>
				<Ownr>
					<Nm>TEST Customer</Nm>
					<Id>
						<OrgId>
							<Othr>
								<Id>00331127800005</Id>
								<SchmeNm>
									<Cd>BANK</Cd>
								</SchmeNm>
							</Othr>
						</OrgId>
					</Id>
				</Ownr>
				<Svcr>
					<FinInstnId>
						<BIC>ESSEDKKKXXX</BIC>
					</FinInstnId>
				</Svcr>
			</Acct>
			<Intrst>
				<Tp>
					<Cd>OVRN</Cd>
				</Tp>
				<Rate>
					<Tp>
						<Pctg>7</Pctg>
					</Tp>
					<VldtyRg>
						<Amt>
							<FrAmt>
								<BdryAmt>0.00</BdryAmt>
								<Incl>false</Incl>
							</FrAmt>
						</Amt>
						<CdtDbtInd>DBIT</CdtDbtInd>
						<Ccy>DKK</Ccy>
					</VldtyRg>
				</Rate>
			</Intrst>
			<Bal>
				<Tp>
					<CdOrPrtry>
						<Cd>OPBD</Cd>
					</CdOrPrtry>
				</Tp>
				<Amt Ccy="DKK">43112337.00</Amt>
				<CdtDbtInd>CRDT</CdtDbtInd>
				<Dt>
					<Dt>2018-12-10</Dt>
				</Dt>
			</Bal>
			<Bal>
				<Tp>
					<CdOrPrtry>
						<Cd>CLBD</Cd>
					</CdOrPrtry>
				</Tp>
				<CdtLine>
					<Incl>false</Incl>
				</CdtLine>
				<Amt Ccy="DKK">44082376.20</Amt>
				<CdtDbtInd>CRDT</CdtDbtInd>
				<Dt>
					<Dt>2018-12-10</Dt>
				</Dt>
			</Bal>
			<Bal>
				<Tp>
					<CdOrPrtry>
						<Cd>CLAV</Cd>
					</CdOrPrtry>
				</Tp>
				<CdtLine>
					<Incl>false</Incl>
				</CdtLine>
				<Amt Ccy="DKK">44082376.20</Amt>
				<CdtDbtInd>CRDT</CdtDbtInd>
				<Dt>
					<Dt>2018-12-10</Dt>
				</Dt>
			</Bal>
			<TxsSummry>
				<TtlCdtNtries>
					<NbOfNtries>4</NbOfNtries>
					<Sum>1029201.97</Sum>
				</TtlCdtNtries>
				<TtlDbtNtries>
					<NbOfNtries>17</NbOfNtries>
					<Sum>59162.77</Sum>
				</TtlDbtNtries>
			</TxsSummry>
			<Ntry>
				<NtryRef>CPH 18121012763-0000001</NtryRef>
				<Amt Ccy="DKK">127069.41</Amt>
				<CdtDbtInd>CRDT</CdtDbtInd>
				<Sts>BOOK</Sts>
				<BookgDt>
					<Dt>2018-12-10</Dt>
				</BookgDt>
				<ValDt>
					<Dt>2018-12-10</Dt>
				</ValDt>
				<AcctSvcrRef>CPH 18121012763-0000001</AcctSvcrRef>
				<BkTxCd>
					<Domn>
						<Cd>PMNT</Cd>
						<Fmly>
							<Cd>RCDT</Cd>
							<SubFmlyCd>ATXN</SubFmlyCd>
						</Fmly>
					</Domn>
					<Prtry>
						<Cd>TRF</Cd>
						<Issr>SWIFT</Issr>
					</Prtry>
				</BkTxCd>
				<NtryDtls>
					<TxDtls>
						<Refs>
							<AcctSvcrRef>CPHXMT01201812100142012763000001</AcctSvcrRef>
							<PmtInfId>0188803118</PmtInfId>
						</Refs>
						<AmtDtls>
							<TxAmt>
								<Amt Ccy="DKK">127069.41</Amt>
							</TxAmt>
							<PrtryAmt>
								<Tp>IBS</Tp>
								<Amt Ccy="DKK">127069.41</Amt>
							</PrtryAmt>
						</AmtDtls>
						<RltdPties>
							<Dbtr>
								<Nm>Debtor</Nm>
								<PstlAdr>
									<AdrLine>Line 1</AdrLine>
								</PstlAdr>
							</Dbtr>
							<Cdtr>
								<Nm>TEST Customer</Nm>
							</Cdtr>
						</RltdPties>
						<RltdAgts>
							<CdtrAgt>
								<FinInstnId>
									<BIC>ESSEDKKKXXX</BIC>
								</FinInstnId>
							</CdtrAgt>
						</RltdAgts>
						<RmtInf>
							<Ustrd>AR022999</Ustrd>
						</RmtInf>
					</TxDtls>
				</NtryDtls>
			</Ntry>
			<Ntry>
				<NtryRef>CPH 18121012764-0000002</NtryRef>
				<Amt Ccy="DKK">251444.62</Amt>
				<CdtDbtInd>CRDT</CdtDbtInd>
				<Sts>BOOK</Sts>
				<BookgDt>
					<Dt>2018-12-10</Dt>
				</BookgDt>
				<ValDt>
					<Dt>2018-12-10</Dt>
				</ValDt>
				<AcctSvcrRef>CPH 18121012764-0000002</AcctSvcrRef>
				<BkTxCd>
					<Domn>
						<Cd>PMNT</Cd>
						<Fmly>
							<Cd>RCDT</Cd>
							<SubFmlyCd>ATXN</SubFmlyCd>
						</Fmly>
					</Domn>
					<Prtry>
						<Cd>TRF</Cd>
						<Issr>SWIFT</Issr>
					</Prtry>
				</BkTxCd>
				<NtryDtls>
					<TxDtls>
						<Refs>
							<AcctSvcrRef>CPHXMT01201812100142012764000001</AcctSvcrRef>
							<PmtInfId>0188803117</PmtInfId>
						</Refs>
						<AmtDtls>
							<TxAmt>
								<Amt Ccy="DKK">251444.62</Amt>
							</TxAmt>
							<PrtryAmt>
								<Tp>IBS</Tp>
								<Amt Ccy="DKK">251444.62</Amt>
							</PrtryAmt>
						</AmtDtls>
						<RltdPties>
							<Dbtr>
								<Nm>Debtor</Nm>
								<PstlAdr>
									<AdrLine>Line 1</AdrLine>
								</PstlAdr>
							</Dbtr>
							<Cdtr>
								<Nm>TEST Customer</Nm>
							</Cdtr>
						</RltdPties>
						<RltdAgts>
							<CdtrAgt>
								<FinInstnId>
									<BIC>ESSEDKKKXXX</BIC>
								</FinInstnId>
							</CdtrAgt>
						</RltdAgts>
						<RmtInf>
							<Ustrd>AR023125</Ustrd>
						</RmtInf>
					</TxDtls>
				</NtryDtls>
			</Ntry>
			<Ntry>
				<NtryRef>CPH 18121012765-0000003</NtryRef>
				<Amt Ccy="DKK">510687.94</Amt>
				<CdtDbtInd>CRDT</CdtDbtInd>
				<Sts>BOOK</Sts>
				<BookgDt>
					<Dt>2018-12-10</Dt>
				</BookgDt>
				<ValDt>
					<Dt>2018-12-10</Dt>
				</ValDt>
				<AcctSvcrRef>CPH 18121012765-0000003</AcctSvcrRef>
				<BkTxCd>
					<Domn>
						<Cd>PMNT</Cd>
						<Fmly>
							<Cd>RCDT</Cd>
							<SubFmlyCd>ATXN</SubFmlyCd>
						</Fmly>
					</Domn>
					<Prtry>
						<Cd>TRF</Cd>
						<Issr>SWIFT</Issr>
					</Prtry>
				</BkTxCd>
				<NtryDtls>
					<TxDtls>
						<Refs>
							<AcctSvcrRef>CPHXMT01201812100142012765000001</AcctSvcrRef>
							<PmtInfId>0188803116</PmtInfId>
						</Refs>
						<AmtDtls>
							<TxAmt>
								<Amt Ccy="DKK">510687.94</Amt>
							</TxAmt>
							<PrtryAmt>
								<Tp>IBS</Tp>
								<Amt Ccy="DKK">510687.94</Amt>
							</PrtryAmt>
						</AmtDtls>
						<RltdPties>
							<Dbtr>
								<Nm>Debtor</Nm>
								<PstlAdr>
									<AdrLine>Line 1</AdrLine>
								</PstlAdr>
							</Dbtr>
							<Cdtr>
								<Nm>TEST Customer</Nm>
							</Cdtr>
						</RltdPties>
						<RltdAgts>
							<CdtrAgt>
								<FinInstnId>
									<BIC>ESSEDKKKXXX</BIC>
								</FinInstnId>
							</CdtrAgt>
						</RltdAgts>
						<RmtInf>
							<Ustrd>AR023121</Ustrd>
						</RmtInf>
					</TxDtls>
				</NtryDtls>
			</Ntry>
			<Ntry>
				<NtryRef>CPH 18121031374-0000004</NtryRef>
				<Amt Ccy="DKK">368.36</Amt>
				<CdtDbtInd>DBIT</CdtDbtInd>
				<Sts>BOOK</Sts>
				<BookgDt>
					<Dt>2018-12-10</Dt>
				</BookgDt>
				<ValDt>
					<Dt>2018-12-10</Dt>
				</ValDt>
				<AcctSvcrRef>CPH 18121031374-0000004</AcctSvcrRef>
				<BkTxCd>
					<Domn>
						<Cd>PMNT</Cd>
						<Fmly>
							<Cd>ICDT</Cd>
							<SubFmlyCd>ATXN</SubFmlyCd>
						</Fmly>
					</Domn>
					<Prtry>
						<Cd>TRF</Cd>
						<Issr>SWIFT</Issr>
					</Prtry>
				</BkTxCd>
				<NtryDtls>
					<TxDtls>
						<Refs>
							<MsgId>dc-13370</MsgId>
							<AcctSvcrRef>STOESI05181203095935271441000001</AcctSvcrRef>
							<PmtInfId>DC316090US</PmtInfId>
							<InstrId>DC316090TH</InstrId>
							<EndToEndId>DC316090TH</EndToEndId>
						</Refs>
						<AmtDtls>
							<TxAmt>
								<Amt Ccy="DKK">368.36</Amt>
							</TxAmt>
						</AmtDtls>
						<RltdPties>
							<Dbtr>
								<Nm>TEST Customer</Nm>
							</Dbtr>
							<Cdtr>
								<Nm>Beneficiary</Nm>
							</Cdtr>
							<CdtrAcct>
								<Id>
									<Othr>
										<Id>88888888</Id>
									</Othr>
								</Id>
							</CdtrAcct>
						</RltdPties>
						<RltdAgts>
							<DbtrAgt>
								<FinInstnId>
									<Nm>Skandinaviska Enskilda Banken</Nm>
								</FinInstnId>
							</DbtrAgt>
						</RltdAgts>
					</TxDtls>
				</NtryDtls>
				<AddtlNtryInf>DC316090US</AddtlNtryInf>
			</Ntry>
			<Ntry>
				<NtryRef>CPH 18121031375-0000005</NtryRef>
				<Amt Ccy="DKK">317.39</Amt>
				<CdtDbtInd>DBIT</CdtDbtInd>
				<Sts>BOOK</Sts>
				<BookgDt>
					<Dt>2018-12-10</Dt>
				</BookgDt>
				<ValDt>
					<Dt>2018-12-10</Dt>
				</ValDt>
				<AcctSvcrRef>CPH 18121031375-0000005</AcctSvcrRef>
				<BkTxCd>
					<Domn>
						<Cd>PMNT</Cd>
						<Fmly>
							<Cd>ICDT</Cd>
							<SubFmlyCd>ATXN</SubFmlyCd>
						</Fmly>
					</Domn>
					<Prtry>
						<Cd>TRF</Cd>
						<Issr>SWIFT</Issr>
					</Prtry>
				</BkTxCd>
				<NtryDtls>
					<TxDtls>
						<Refs>
							<MsgId>dc-13370</MsgId>
							<AcctSvcrRef>STOESI05181203095935271442000001</AcctSvcrRef>
							<PmtInfId>DC316092US</PmtInfId>
							<InstrId>DC316092TH</InstrId>
							<EndToEndId>DC316092TH</EndToEndId>
						</Refs>
						<AmtDtls>
							<TxAmt>
								<Amt Ccy="DKK">317.39</Amt>
							</TxAmt>
						</AmtDtls>
						<RltdPties>
							<Dbtr>
								<Nm>TEST Customer</Nm>
							</Dbtr>
							<Cdtr>
								<Nm>Beneficiary</Nm>
							</Cdtr>
							<CdtrAcct>
								<Id>
									<Othr>
										<Id>88888888</Id>
									</Othr>
								</Id>
							</CdtrAcct>
						</RltdPties>
						<RltdAgts>
							<DbtrAgt>
								<FinInstnId>
									<Nm>Skandinaviska Enskilda Banken</Nm>
								</FinInstnId>
							</DbtrAgt>
						</RltdAgts>
					</TxDtls>
				</NtryDtls>
				<AddtlNtryInf>DC316092US</AddtlNtryInf>
			</Ntry>
			<Ntry>
				<NtryRef>CPH 18121031376-0000006</NtryRef>
				<Amt Ccy="DKK">369.00</Amt>
				<CdtDbtInd>DBIT</CdtDbtInd>
				<Sts>BOOK</Sts>
				<BookgDt>
					<Dt>2018-12-10</Dt>
				</BookgDt>
				<ValDt>
					<Dt>2018-12-10</Dt>
				</ValDt>
				<AcctSvcrRef>CPH 18121031376-0000006</AcctSvcrRef>
				<BkTxCd>
					<Domn>
						<Cd>PMNT</Cd>
						<Fmly>
							<Cd>ICDT</Cd>
							<SubFmlyCd>ATXN</SubFmlyCd>
						</Fmly>
					</Domn>
					<Prtry>
						<Cd>TRF</Cd>
						<Issr>SWIFT</Issr>
					</Prtry>
				</BkTxCd>
				<NtryDtls>
					<TxDtls>
						<Refs>
							<MsgId>dc-13370</MsgId>
							<AcctSvcrRef>STOESI05181203095935271443000001</AcctSvcrRef>
							<PmtInfId>DC316094US</PmtInfId>
							<InstrId>DC316094TH</InstrId>
							<EndToEndId>DC316094TH</EndToEndId>
						</Refs>
						<AmtDtls>
							<TxAmt>
								<Amt Ccy="DKK">369.00</Amt>
							</TxAmt>
						</AmtDtls>
						<RltdPties>
							<Dbtr>
								<Nm>TEST Customer</Nm>
							</Dbtr>
							<Cdtr>
								<Nm>Beneficiary</Nm>
							</Cdtr>
							<CdtrAcct>
								<Id>
									<Othr>
										<Id>88888888</Id>
									</Othr>
								</Id>
							</CdtrAcct>
						</RltdPties>
						<RltdAgts>
							<DbtrAgt>
								<FinInstnId>
									<Nm>Skandinaviska Enskilda Banken</Nm>
								</FinInstnId>
							</DbtrAgt>
						</RltdAgts>
					</TxDtls>
				</NtryDtls>
				<AddtlNtryInf>DC316094US</AddtlNtryInf>
			</Ntry>
			<Ntry>
				<NtryRef>CPH 18121031379-0000007</NtryRef>
				<Amt Ccy="DKK">199.00</Amt>
				<CdtDbtInd>DBIT</CdtDbtInd>
				<Sts>BOOK</Sts>
				<BookgDt>
					<Dt>2018-12-10</Dt>
				</BookgDt>
				<ValDt>
					<Dt>2018-12-10</Dt>
				</ValDt>
				<AcctSvcrRef>CPH 18121031379-0000007</AcctSvcrRef>
				<BkTxCd>
					<Domn>
						<Cd>PMNT</Cd>
						<Fmly>
							<Cd>ICDT</Cd>
							<SubFmlyCd>ATXN</SubFmlyCd>
						</Fmly>
					</Domn>
					<Prtry>
						<Cd>TRF</Cd>
						<Issr>SWIFT</Issr>
					</Prtry>
				</BkTxCd>
				<NtryDtls>
					<TxDtls>
						<Refs>
							<MsgId>dc-13428</MsgId>
							<AcctSvcrRef>STOESI05181206094000448742000001</AcctSvcrRef>
							<PmtInfId>DC316383US</PmtInfId>
							<InstrId>DC316383TH</InstrId>
							<EndToEndId>DC316383TH</EndToEndId>
						</Refs>
						<AmtDtls>
							<TxAmt>
								<Amt Ccy="DKK">199.00</Amt>
							</TxAmt>
						</AmtDtls>
						<RltdPties>
							<Dbtr>
								<Nm>TEST Customer</Nm>
							</Dbtr>
							<Cdtr>
								<Nm>Beneficiary</Nm>
							</Cdtr>
							<CdtrAcct>
								<Id>
									<Othr>
										<Id>88888889</Id>
									</Othr>
								</Id>
							</CdtrAcct>
						</RltdPties>
						<RltdAgts>
							<DbtrAgt>
								<FinInstnId>
									<Nm>Skandinaviska Enskilda Banken</Nm>
								</FinInstnId>
							</DbtrAgt>
						</RltdAgts>
					</TxDtls>
				</NtryDtls>
				<AddtlNtryInf>DC316383US</AddtlNtryInf>
			</Ntry>
			<Ntry>
				<NtryRef>CPH 18121031391-0000008</NtryRef>
				<Amt Ccy="DKK">369.00</Amt>
				<CdtDbtInd>DBIT</CdtDbtInd>
				<Sts>BOOK</Sts>
				<BookgDt>
					<Dt>2018-12-10</Dt>
				</BookgDt>
				<ValDt>
					<Dt>2018-12-10</Dt>
				</ValDt>
				<AcctSvcrRef>CPH 18121031391-0000008</AcctSvcrRef>
				<BkTxCd>
					<Domn>
						<Cd>PMNT</Cd>
						<Fmly>
							<Cd>ICDT</Cd>
							<SubFmlyCd>ATXN</SubFmlyCd>
						</Fmly>
					</Domn>
					<Prtry>
						<Cd>TRF</Cd>
						<Issr>SWIFT</Issr>
					</Prtry>
				</BkTxCd>
				<NtryDtls>
					<TxDtls>
						<Refs>
							<MsgId>dc-13441</MsgId>
							<AcctSvcrRef>STOESI05181207111229512651000001</AcctSvcrRef>
							<PmtInfId>DC316488US</PmtInfId>
							<InstrId>DC316488TH</InstrId>
							<EndToEndId>DC316488TH</EndToEndId>
						</Refs>
						<AmtDtls>
							<TxAmt>
								<Amt Ccy="DKK">369.00</Amt>
							</TxAmt>
						</AmtDtls>
						<RltdPties>
							<Dbtr>
								<Nm>TEST Customer</Nm>
							</Dbtr>
							<Cdtr>
								<Nm>Beneficiary</Nm>
							</Cdtr>
							<CdtrAcct>
								<Id>
									<Othr>
										<Id>88888887</Id>
									</Othr>
								</Id>
							</CdtrAcct>
						</RltdPties>
						<RltdAgts>
							<DbtrAgt>
								<FinInstnId>
									<Nm>Skandinaviska Enskilda Banken</Nm>
								</FinInstnId>
							</DbtrAgt>
						</RltdAgts>
					</TxDtls>
				</NtryDtls>
				<AddtlNtryInf>DC316488US</AddtlNtryInf>
			</Ntry>
			<Ntry>
				<NtryRef>CPH 18121031392-0000009</NtryRef>
				<Amt Ccy="DKK">319.00</Amt>
				<CdtDbtInd>DBIT</CdtDbtInd>
				<Sts>BOOK</Sts>
				<BookgDt>
					<Dt>2018-12-10</Dt>
				</BookgDt>
				<ValDt>
					<Dt>2018-12-10</Dt>
				</ValDt>
				<AcctSvcrRef>CPH 18121031392-0000009</AcctSvcrRef>
				<BkTxCd>
					<Domn>
						<Cd>PMNT</Cd>
						<Fmly>
							<Cd>ICDT</Cd>
							<SubFmlyCd>ATXN</SubFmlyCd>
						</Fmly>
					</Domn>
					<Prtry>
						<Cd>TRF</Cd>
						<Issr>SWIFT</Issr>
					</Prtry>
				</BkTxCd>
				<NtryDtls>
					<TxDtls>
						<Refs>
							<MsgId>dc-13441</MsgId>
							<AcctSvcrRef>STOESI05181207111229512652000001</AcctSvcrRef>
							<PmtInfId>DC316490US</PmtInfId>
							<InstrId>DC316490TH</InstrId>
							<EndToEndId>DC316490TH</EndToEndId>
						</Refs>
						<AmtDtls>
							<TxAmt>
								<Amt Ccy="DKK">319.00</Amt>
							</TxAmt>
						</AmtDtls>
						<RltdPties>
							<Dbtr>
								<Nm>TEST Customer</Nm>
							</Dbtr>
							<Cdtr>
								<Nm>Beneficiary</Nm>
							</Cdtr>
							<CdtrAcct>
								<Id>
									<Othr>
										<Id>88888887</Id>
									</Othr>
								</Id>
							</CdtrAcct>
						</RltdPties>
						<RltdAgts>
							<DbtrAgt>
								<FinInstnId>
									<Nm>Skandinaviska Enskilda Banken</Nm>
								</FinInstnId>
							</DbtrAgt>
						</RltdAgts>
					</TxDtls>
				</NtryDtls>
				<AddtlNtryInf>DC316490US</AddtlNtryInf>
			</Ntry>
			<Ntry>
				<NtryRef>CPH 18121031393-0000010</NtryRef>
				<Amt Ccy="DKK">1325.00</Amt>
				<CdtDbtInd>DBIT</CdtDbtInd>
				<Sts>BOOK</Sts>
				<BookgDt>
					<Dt>2018-12-10</Dt>
				</BookgDt>
				<ValDt>
					<Dt>2018-12-10</Dt>
				</ValDt>
				<AcctSvcrRef>CPH 18121031393-0000010</AcctSvcrRef>
				<BkTxCd>
					<Domn>
						<Cd>PMNT</Cd>
						<Fmly>
							<Cd>ICDT</Cd>
							<SubFmlyCd>ATXN</SubFmlyCd>
						</Fmly>
					</Domn>
					<Prtry>
						<Cd>TRF</Cd>
						<Issr>SWIFT</Issr>
					</Prtry>
				</BkTxCd>
				<NtryDtls>
					<TxDtls>
						<Refs>
							<MsgId>dc-13441</MsgId>
							<AcctSvcrRef>STOESI05181207111229512653000001</AcctSvcrRef>
							<PmtInfId>DC316492US</PmtInfId>
							<InstrId>DC316492TH</InstrId>
							<EndToEndId>DC316492TH</EndToEndId>
						</Refs>
						<AmtDtls>
							<TxAmt>
								<Amt Ccy="DKK">1325.00</Amt>
							</TxAmt>
						</AmtDtls>
						<RltdPties>
							<Dbtr>
								<Nm>TEST Customer</Nm>
							</Dbtr>
							<Cdtr>
								<Nm>Beneficiary</Nm>
							</Cdtr>
							<CdtrAcct>
								<Id>
									<Othr>
										<Id>88888887</Id>
									</Othr>
								</Id>
							</CdtrAcct>
						</RltdPties>
						<RltdAgts>
							<DbtrAgt>
								<FinInstnId>
									<Nm>Skandinaviska Enskilda Banken</Nm>
								</FinInstnId>
							</DbtrAgt>
						</RltdAgts>
					</TxDtls>
				</NtryDtls>
				<AddtlNtryInf>DC316492US</AddtlNtryInf>
			</Ntry>
			<Ntry>
				<NtryRef>CPH 18121031394-0000011</NtryRef>
				<Amt Ccy="DKK">358.00</Amt>
				<CdtDbtInd>DBIT</CdtDbtInd>
				<Sts>BOOK</Sts>
				<BookgDt>
					<Dt>2018-12-10</Dt>
				</BookgDt>
				<ValDt>
					<Dt>2018-12-10</Dt>
				</ValDt>
				<AcctSvcrRef>CPH 18121031394-0000011</AcctSvcrRef>
				<BkTxCd>
					<Domn>
						<Cd>PMNT</Cd>
						<Fmly>
							<Cd>ICDT</Cd>
							<SubFmlyCd>ATXN</SubFmlyCd>
						</Fmly>
					</Domn>
					<Prtry>
						<Cd>TRF</Cd>
						<Issr>SWIFT</Issr>
					</Prtry>
				</BkTxCd>
				<NtryDtls>
					<TxDtls>
						<Refs>
							<MsgId>dc-13441</MsgId>
							<AcctSvcrRef>STOESI05181207111229512654000001</AcctSvcrRef>
							<PmtInfId>DC316494US</PmtInfId>
							<InstrId>DC316494TH</InstrId>
							<EndToEndId>DC316494TH</EndToEndId>
						</Refs>
						<AmtDtls>
							<TxAmt>
								<Amt Ccy="DKK">358.00</Amt>
							</TxAmt>
						</AmtDtls>
						<RltdPties>
							<Dbtr>
								<Nm>TEST Customer</Nm>
							</Dbtr>
							<Cdtr>
								<Nm>Beneficiary</Nm>
							</Cdtr>
							<CdtrAcct>
								<Id>
									<Othr>
										<Id>88888887</Id>
									</Othr>
								</Id>
							</CdtrAcct>
						</RltdPties>
						<RltdAgts>
							<DbtrAgt>
								<FinInstnId>
									<Nm>Skandinaviska Enskilda Banken</Nm>
								</FinInstnId>
							</DbtrAgt>
						</RltdAgts>
					</TxDtls>
				</NtryDtls>
				<AddtlNtryInf>DC316494US</AddtlNtryInf>
			</Ntry>
			<Ntry>
				<NtryRef>CPH 18121031395-0000012</NtryRef>
				<Amt Ccy="DKK">369.00</Amt>
				<CdtDbtInd>DBIT</CdtDbtInd>
				<Sts>BOOK</Sts>
				<BookgDt>
					<Dt>2018-12-10</Dt>
				</BookgDt>
				<ValDt>
					<Dt>2018-12-10</Dt>
				</ValDt>
				<AcctSvcrRef>CPH 18121031395-0000012</AcctSvcrRef>
				<BkTxCd>
					<Domn>
						<Cd>PMNT</Cd>
						<Fmly>
							<Cd>ICDT</Cd>
							<SubFmlyCd>ATXN</SubFmlyCd>
						</Fmly>
					</Domn>
					<Prtry>
						<Cd>TRF</Cd>
						<Issr>SWIFT</Issr>
					</Prtry>
				</BkTxCd>
				<NtryDtls>
					<TxDtls>
						<Refs>
							<MsgId>dc-13441</MsgId>
							<AcctSvcrRef>STOESI05181207111229512655000001</AcctSvcrRef>
							<PmtInfId>DC316496US</PmtInfId>
							<InstrId>DC316496TH</InstrId>
							<EndToEndId>DC316496TH</EndToEndId>
						</Refs>
						<AmtDtls>
							<TxAmt>
								<Amt Ccy="DKK">369.00</Amt>
							</TxAmt>
						</AmtDtls>
						<RltdPties>
							<Dbtr>
								<Nm>TEST Customer</Nm>
							</Dbtr>
							<Cdtr>
								<Nm>Beneficiary</Nm>
							</Cdtr>
							<CdtrAcct>
								<Id>
									<Othr>
										<Id>88888887</Id>
									</Othr>
								</Id>
							</CdtrAcct>
						</RltdPties>
						<RltdAgts>
							<DbtrAgt>
								<FinInstnId>
									<Nm>Skandinaviska Enskilda Banken</Nm>
								</FinInstnId>
							</DbtrAgt>
						</RltdAgts>
					</TxDtls>
				</NtryDtls>
				<AddtlNtryInf>DC316496US</AddtlNtryInf>
			</Ntry>
			<Ntry>
				<NtryRef>CPH 18121031396-0000013</NtryRef>
				<Amt Ccy="DKK">369.00</Amt>
				<CdtDbtInd>DBIT</CdtDbtInd>
				<Sts>BOOK</Sts>
				<BookgDt>
					<Dt>2018-12-10</Dt>
				</BookgDt>
				<ValDt>
					<Dt>2018-12-10</Dt>
				</ValDt>
				<AcctSvcrRef>CPH 18121031396-0000013</AcctSvcrRef>
				<BkTxCd>
					<Domn>
						<Cd>PMNT</Cd>
						<Fmly>
							<Cd>ICDT</Cd>
							<SubFmlyCd>ATXN</SubFmlyCd>
						</Fmly>
					</Domn>
					<Prtry>
						<Cd>TRF</Cd>
						<Issr>SWIFT</Issr>
					</Prtry>
				</BkTxCd>
				<NtryDtls>
					<TxDtls>
						<Refs>
							<MsgId>dc-13441</MsgId>
							<AcctSvcrRef>STOESI05181207111229512656000001</AcctSvcrRef>
							<PmtInfId>DC316498US</PmtInfId>
							<InstrId>DC316498TH</InstrId>
							<EndToEndId>DC316498TH</EndToEndId>
						</Refs>
						<AmtDtls>
							<TxAmt>
								<Amt Ccy="DKK">369.00</Amt>
							</TxAmt>
						</AmtDtls>
						<RltdPties>
							<Dbtr>
								<Nm>TEST Customer</Nm>
							</Dbtr>
							<Cdtr>
								<Nm>Beneficiary</Nm>
							</Cdtr>
							<CdtrAcct>
								<Id>
									<Othr>
										<Id>88888887</Id>
									</Othr>
								</Id>
							</CdtrAcct>
						</RltdPties>
						<RltdAgts>
							<DbtrAgt>
								<FinInstnId>
									<Nm>Skandinaviska Enskilda Banken</Nm>
								</FinInstnId>
							</DbtrAgt>
						</RltdAgts>
					</TxDtls>
				</NtryDtls>
				<AddtlNtryInf>DC316498US</AddtlNtryInf>
			</Ntry>
			<Ntry>
				<NtryRef>CPH 18121031397-0000014</NtryRef>
				<Amt Ccy="DKK">339.00</Amt>
				<CdtDbtInd>DBIT</CdtDbtInd>
				<Sts>BOOK</Sts>
				<BookgDt>
					<Dt>2018-12-10</Dt>
				</BookgDt>
				<ValDt>
					<Dt>2018-12-10</Dt>
				</ValDt>
				<AcctSvcrRef>CPH 18121031397-0000014</AcctSvcrRef>
				<BkTxCd>
					<Domn>
						<Cd>PMNT</Cd>
						<Fmly>
							<Cd>ICDT</Cd>
							<SubFmlyCd>ATXN</SubFmlyCd>
						</Fmly>
					</Domn>
					<Prtry>
						<Cd>TRF</Cd>
						<Issr>SWIFT</Issr>
					</Prtry>
				</BkTxCd>
				<NtryDtls>
					<TxDtls>
						<Refs>
							<MsgId>dc-13441</MsgId>
							<AcctSvcrRef>STOESI05181207111229512657000001</AcctSvcrRef>
							<PmtInfId>DC316500US</PmtInfId>
							<InstrId>DC316500TH</InstrId>
							<EndToEndId>DC316500TH</EndToEndId>
						</Refs>
						<AmtDtls>
							<TxAmt>
								<Amt Ccy="DKK">339.00</Amt>
							</TxAmt>
						</AmtDtls>
						<RltdPties>
							<Dbtr>
								<Nm>TEST Customer</Nm>
							</Dbtr>
							<Cdtr>
								<Nm>Beneficiary</Nm>
							</Cdtr>
							<CdtrAcct>
								<Id>
									<Othr>
										<Id>88888887</Id>
									</Othr>
								</Id>
							</CdtrAcct>
						</RltdPties>
						<RltdAgts>
							<DbtrAgt>
								<FinInstnId>
									<Nm>Skandinaviska Enskilda Banken</Nm>
								</FinInstnId>
							</DbtrAgt>
						</RltdAgts>
					</TxDtls>
				</NtryDtls>
				<AddtlNtryInf>DC316500US</AddtlNtryInf>
			</Ntry>
			<Ntry>
				<NtryRef>CPH 18121031398-0000015</NtryRef>
				<Amt Ccy="DKK">319.00</Amt>
				<CdtDbtInd>DBIT</CdtDbtInd>
				<Sts>BOOK</Sts>
				<BookgDt>
					<Dt>2018-12-10</Dt>
				</BookgDt>
				<ValDt>
					<Dt>2018-12-10</Dt>
				</ValDt>
				<AcctSvcrRef>CPH 18121031398-0000015</AcctSvcrRef>
				<BkTxCd>
					<Domn>
						<Cd>PMNT</Cd>
						<Fmly>
							<Cd>ICDT</Cd>
							<SubFmlyCd>ATXN</SubFmlyCd>
						</Fmly>
					</Domn>
					<Prtry>
						<Cd>TRF</Cd>
						<Issr>SWIFT</Issr>
					</Prtry>
				</BkTxCd>
				<NtryDtls>
					<TxDtls>
						<Refs>
							<MsgId>dc-13441</MsgId>
							<AcctSvcrRef>STOESI05181207111229512658000001</AcctSvcrRef>
							<PmtInfId>DC316502US</PmtInfId>
							<InstrId>DC316502TH</InstrId>
							<EndToEndId>DC316502TH</EndToEndId>
						</Refs>
						<AmtDtls>
							<TxAmt>
								<Amt Ccy="DKK">319.00</Amt>
							</TxAmt>
						</AmtDtls>
						<RltdPties>
							<Dbtr>
								<Nm>TEST Customer</Nm>
							</Dbtr>
							<Cdtr>
								<Nm>Beneficiary</Nm>
							</Cdtr>
							<CdtrAcct>
								<Id>
									<Othr>
										<Id>88888887</Id>
									</Othr>
								</Id>
							</CdtrAcct>
						</RltdPties>
						<RltdAgts>
							<DbtrAgt>
								<FinInstnId>
									<Nm>Skandinaviska Enskilda Banken</Nm>
								</FinInstnId>
							</DbtrAgt>
						</RltdAgts>
					</TxDtls>
				</NtryDtls>
				<AddtlNtryInf>DC316502US</AddtlNtryInf>
			</Ntry>
			<Ntry>
				<NtryRef>CPH 18121031399-0000016</NtryRef>
				<Amt Ccy="DKK">329.00</Amt>
				<CdtDbtInd>DBIT</CdtDbtInd>
				<Sts>BOOK</Sts>
				<BookgDt>
					<Dt>2018-12-10</Dt>
				</BookgDt>
				<ValDt>
					<Dt>2018-12-10</Dt>
				</ValDt>
				<AcctSvcrRef>CPH 18121031399-0000016</AcctSvcrRef>
				<BkTxCd>
					<Domn>
						<Cd>PMNT</Cd>
						<Fmly>
							<Cd>ICDT</Cd>
							<SubFmlyCd>ATXN</SubFmlyCd>
						</Fmly>
					</Domn>
					<Prtry>
						<Cd>TRF</Cd>
						<Issr>SWIFT</Issr>
					</Prtry>
				</BkTxCd>
				<NtryDtls>
					<TxDtls>
						<Refs>
							<MsgId>dc-13441</MsgId>
							<AcctSvcrRef>STOESI05181207111229512659000001</AcctSvcrRef>
							<PmtInfId>DC316504US</PmtInfId>
							<InstrId>DC316504TH</InstrId>
							<EndToEndId>DC316504TH</EndToEndId>
						</Refs>
						<AmtDtls>
							<TxAmt>
								<Amt Ccy="DKK">329.00</Amt>
							</TxAmt>
						</AmtDtls>
						<RltdPties>
							<Dbtr>
								<Nm>TEST Customer</Nm>
							</Dbtr>
							<Cdtr>
								<Nm>Beneficiary</Nm>
							</Cdtr>
							<CdtrAcct>
								<Id>
									<Othr>
										<Id>88888887</Id>
									</Othr>
								</Id>
							</CdtrAcct>
						</RltdPties>
						<RltdAgts>
							<DbtrAgt>
								<FinInstnId>
									<Nm>Skandinaviska Enskilda Banken</Nm>
								</FinInstnId>
							</DbtrAgt>
						</RltdAgts>
					</TxDtls>
				</NtryDtls>
				<AddtlNtryInf>DC316504US</AddtlNtryInf>
			</Ntry>
			<Ntry>
				<NtryRef>CPH 18121084975-0000017</NtryRef>
				<Amt Ccy="DKK">37018.63</Amt>
				<CdtDbtInd>DBIT</CdtDbtInd>
				<Sts>BOOK</Sts>
				<BookgDt>
					<Dt>2018-12-10</Dt>
				</BookgDt>
				<ValDt>
					<Dt>2018-12-10</Dt>
				</ValDt>
				<AcctSvcrRef>CPH 18121084975-0000017</AcctSvcrRef>
				<BkTxCd>
					<Domn>
						<Cd>PMNT</Cd>
						<Fmly>
							<Cd>ICDT</Cd>
							<SubFmlyCd>ATXN</SubFmlyCd>
						</Fmly>
					</Domn>
					<Prtry>
						<Cd>TRF</Cd>
						<Issr>SWIFT</Issr>
					</Prtry>
				</BkTxCd>
				<NtryDtls>
					<TxDtls>
						<Refs>
							<MsgId>dc-13459</MsgId>
							<AcctSvcrRef>STOESI05181210101235577562000001</AcctSvcrRef>
							<PmtInfId>DC316683US</PmtInfId>
							<InstrId>DC316683TH</InstrId>
							<EndToEndId>DC316683TH</EndToEndId>
						</Refs>
						<AmtDtls>
							<TxAmt>
								<Amt Ccy="DKK">37018.63</Amt>
							</TxAmt>
						</AmtDtls>
						<RltdPties>
							<Dbtr>
								<Nm>TEST Customer</Nm>
							</Dbtr>
							<Cdtr>
								<Nm>Beneficiary</Nm>
							</Cdtr>
							<CdtrAcct>
								<Id>
									<Othr>
										<Id>888888885</Id>
									</Othr>
								</Id>
							</CdtrAcct>
						</RltdPties>
						<RltdAgts>
							<DbtrAgt>
								<FinInstnId>
									<Nm>Skandinaviska Enskilda Banken</Nm>
								</FinInstnId>
							</DbtrAgt>
						</RltdAgts>
					</TxDtls>
				</NtryDtls>
				<AddtlNtryInf>DC316683US</AddtlNtryInf>
			</Ntry>
			<Ntry>
				<NtryRef>CPH 18121087819-0000018</NtryRef>
				<Amt Ccy="DKK">4000.00</Amt>
				<CdtDbtInd>DBIT</CdtDbtInd>
				<Sts>BOOK</Sts>
				<BookgDt>
					<Dt>2018-12-10</Dt>
				</BookgDt>
				<ValDt>
					<Dt>2018-12-10</Dt>
				</ValDt>
				<AcctSvcrRef>CPH 18121087819-0000018</AcctSvcrRef>
				<BkTxCd>
					<Domn>
						<Cd>PMNT</Cd>
						<Fmly>
							<Cd>ICDT</Cd>
							<SubFmlyCd>XBCT</SubFmlyCd>
						</Fmly>
					</Domn>
					<Prtry>
						<Cd>TRF</Cd>
						<Issr>SWIFT</Issr>
					</Prtry>
				</BkTxCd>
				<NtryDtls>
					<TxDtls>
						<Refs>
							<MsgId>dc-13460</MsgId>
							<AcctSvcrRef>STOESI05181210101554577769000001</AcctSvcrRef>
							<PmtInfId>DC316726US</PmtInfId>
							<InstrId>DC316726TH</InstrId>
							<EndToEndId>DC316726TH</EndToEndId>
						</Refs>
						<AmtDtls>
							<TxAmt>
								<Amt Ccy="DKK">4000.00</Amt>
							</TxAmt>
						</AmtDtls>
						<RltdPties>
							<Dbtr>
								<Nm>TEST Customer</Nm>
							</Dbtr>
							<Cdtr>
								<Nm>Beneficiary</Nm>
							</Cdtr>
							<CdtrAcct>
								<Id>
									<IBAN>NO8012599999999</IBAN>
								</Id>
							</CdtrAcct>
						</RltdPties>
						<RltdAgts>
							<DbtrAgt>
								<FinInstnId>
									<Nm>Skandinaviska Enskilda Banken</Nm>
								</FinInstnId>
							</DbtrAgt>
							<CdtrAgt>
								<FinInstnId>
									<BIC>DNBANOKKXXX</BIC>
								</FinInstnId>
							</CdtrAgt>
						</RltdAgts>
					</TxDtls>
				</NtryDtls>
				<AddtlNtryInf>DC316726US</AddtlNtryInf>
			</Ntry>
			<Ntry>
				<NtryRef>CPH 18121087842-0000019</NtryRef>
				<Amt Ccy="DKK">9665.00</Amt>
				<CdtDbtInd>DBIT</CdtDbtInd>
				<Sts>BOOK</Sts>
				<BookgDt>
					<Dt>2018-12-10</Dt>
				</BookgDt>
				<ValDt>
					<Dt>2018-12-10</Dt>
				</ValDt>
				<AcctSvcrRef>CPH 18121087842-0000019</AcctSvcrRef>
				<BkTxCd>
					<Domn>
						<Cd>PMNT</Cd>
						<Fmly>
							<Cd>ICDT</Cd>
							<SubFmlyCd>ATXN</SubFmlyCd>
						</Fmly>
					</Domn>
					<Prtry>
						<Cd>TRF</Cd>
						<Issr>SWIFT</Issr>
					</Prtry>
				</BkTxCd>
				<NtryDtls>
					<TxDtls>
						<Refs>
							<MsgId>dc-13459</MsgId>
							<AcctSvcrRef>STOESI05181210101235577552000001</AcctSvcrRef>
							<PmtInfId>DC316663US</PmtInfId>
							<InstrId>DC316663TH</InstrId>
							<EndToEndId>DC316663TH</EndToEndId>
						</Refs>
						<AmtDtls>
							<TxAmt>
								<Amt Ccy="DKK">9665.00</Amt>
							</TxAmt>
						</AmtDtls>
						<RltdPties>
							<Dbtr>
								<Nm>TEST Customer</Nm>
							</Dbtr>
							<Cdtr>
								<Nm>Beneficiary</Nm>
							</Cdtr>
							<CdtrAcct>
								<Id>
									<Othr>
										<Id>14710066666666</Id>
										<SchmeNm>
											<Cd>BBAN</Cd>
										</SchmeNm>
									</Othr>
								</Id>
							</CdtrAcct>
						</RltdPties>
						<RltdAgts>
							<DbtrAgt>
								<FinInstnId>
									<Nm>Skandinaviska Enskilda Banken</Nm>
								</FinInstnId>
							</DbtrAgt>
						</RltdAgts>
					</TxDtls>
				</NtryDtls>
				<AddtlNtryInf>DC336666US</AddtlNtryInf>
			</Ntry>
			<Ntry>
				<NtryRef>STOSMT9402018121106501900080-000000</NtryRef>
				<Amt Ccy="SEK">3129.39</Amt>
				<CdtDbtInd>DBIT</CdtDbtInd>
				<Sts>BOOK</Sts>
				<BookgDt>
					<Dt>2018-12-10</Dt>
				</BookgDt>
				<ValDt>
					<Dt>2018-12-10</Dt>
				</ValDt>
				<AcctSvcrRef>STOSMT9402018121106501900080-000000</AcctSvcrRef>
				<BkTxCd>
					<Domn>
						<Cd>PMNT</Cd>
						<Fmly>
							<Cd>NTAV</Cd>
							<SubFmlyCd>NTAV</SubFmlyCd>
						</Fmly>
					</Domn>
					<Prtry>
						<Cd>MSC MISCELLANEOUS</Cd>
						<Issr>SEB</Issr>
					</Prtry>
				</BkTxCd>
				<NtryDtls>
					<TxDtls>
						<AmtDtls>
							<TxAmt>
								<Amt Ccy="SEK">3129.39</Amt>
							</TxAmt>
						</AmtDtls>
					</TxDtls>
				</NtryDtls>
				<AddtlNtryInf>5074183448408888 840000000000487777 INFO  222</AddtlNtryInf>
			</Ntry>
			<Ntry>
				<NtryRef>CPH 18121093998-0000026</NtryRef>
				<Amt Ccy="EUR">140000.00</Amt>
				<CdtDbtInd>CRDT</CdtDbtInd>
				<Sts>BOOK</Sts>
				<BookgDt>
					<Dt>2018-12-10</Dt>
				</BookgDt>
				<ValDt>
					<Dt>2018-12-10</Dt>
				</ValDt>
				<AcctSvcrRef>CPH 18121093998-0000026</AcctSvcrRef>
				<BkTxCd>
					<Domn>
						<Cd>PMNT</Cd>
						<Fmly>
							<Cd>RCDT</Cd>
							<SubFmlyCd>XBCT</SubFmlyCd>
						</Fmly>
					</Domn>
					<Prtry>
						<Cd>TRF</Cd>
						<Issr>SWIFT</Issr>
					</Prtry>
				</BkTxCd>
				<NtryDtls>
					<TxDtls>
						<Refs>
							<AcctSvcrRef>CPHXMT01201812101436093998000001</AcctSvcrRef>
							<PmtInfId>A075318C10G101O0</PmtInfId>
						</Refs>
						<AmtDtls>
							<TxAmt>
								<Amt Ccy="EUR">140000.00</Amt>
							</TxAmt>
						</AmtDtls>
						<RltdPties>
							<Dbtr>
								<Nm>Debtor</Nm>
								<PstlAdr>
									<AdrLine>Line 1</AdrLine>
								</PstlAdr>
							</Dbtr>
							<Cdtr>
								<Nm>TEST Customer</Nm>
							</Cdtr>
						</RltdPties>
						<RltdAgts>
							<DbtrAgt>
								<FinInstnId>
									<BIC>ENIBBEBBXXX</BIC>
								</FinInstnId>
							</DbtrAgt>
							<CdtrAgt>
								<FinInstnId>
									<BIC>ESSEDKKKXXX</BIC>
								</FinInstnId>
							</CdtrAgt>
						</RltdAgts>
						<RmtInf>
							<Ustrd>MRG</Ustrd>
						</RmtInf>
					</TxDtls>
				</NtryDtls>
				<AddtlNtryInf>A075318C10G101O0</AddtlNtryInf>
			</Ntry>
		</Stmt>
		<Stmt>
			<Id>STOIID45181211073135000001</Id>
			<ElctrncSeqNb>237</ElctrncSeqNb>
			<LglSeqNb>237</LglSeqNb>
			<CreDtTm>2018-12-11T07:31:32+01:00</CreDtTm>
			<FrToDt>
				<FrDtTm>2018-12-10T00:00:01+01:00</FrDtTm>
				<ToDtTm>2018-12-10T23:59:59+01:00</ToDtTm>
			</FrToDt>
			<Acct>
				<Id>
					<Othr>
						<Id>52950001691155</Id>
						<SchmeNm>
							<Cd>BBAN</Cd>
						</SchmeNm>
					</Othr>
				</Id>
				<Ccy>EUR</Ccy>
				<Ownr>
					<Nm>TEST Customer</Nm>
					<Id>
						<OrgId>
							<Othr>
								<Id>00331127800005</Id>
								<SchmeNm>
									<Cd>BANK</Cd>
								</SchmeNm>
							</Othr>
						</OrgId>
					</Id>
				</Ownr>
				<Svcr>
					<FinInstnId>
						<BIC>ESSEDKKKXXX</BIC>
					</FinInstnId>
				</Svcr>
			</Acct>
			<RltdAcct>
				<Id>
					<Othr>
						<Id>52950009219056</Id>
						<SchmeNm>
							<Cd>BBAN</Cd>
						</SchmeNm>
					</Othr>
				</Id>
			</RltdAcct>
			<Bal>
				<Tp>
					<CdOrPrtry>
						<Cd>OPBD</Cd>
					</CdOrPrtry>
				</Tp>
				<Amt Ccy="EUR">11439284.95</Amt>
				<CdtDbtInd>CRDT</CdtDbtInd>
				<Dt>
					<Dt>2018-12-10</Dt>
				</Dt>
			</Bal>
			<Bal>
				<Tp>
					<CdOrPrtry>
						<Cd>CLBD</Cd>
					</CdOrPrtry>
				</Tp>
				<CdtLine>
					<Incl>false</Incl>
				</CdtLine>
				<Amt Ccy="EUR">15516931.20</Amt>
				<CdtDbtInd>CRDT</CdtDbtInd>
				<Dt>
					<Dt>2018-12-10</Dt>
				</Dt>
			</Bal>
			<Bal>
				<Tp>
					<CdOrPrtry>
						<Cd>CLAV</Cd>
					</CdOrPrtry>
				</Tp>
				<CdtLine>
					<Incl>false</Incl>
				</CdtLine>
				<Amt Ccy="EUR">15516931.20</Amt>
				<CdtDbtInd>CRDT</CdtDbtInd>
				<Dt>
					<Dt>2018-12-10</Dt>
				</Dt>
			</Bal>
			<TxsSummry>
				<TtlCdtNtries>
					<NbOfNtries>9</NbOfNtries>
					<Sum>14103589.84</Sum>
				</TtlCdtNtries>
				<TtlDbtNtries>
					<NbOfNtries>21</NbOfNtries>
					<Sum>10025943.59</Sum>
				</TtlDbtNtries>
			</TxsSummry>
			<Ntry>
				<NtryRef>CPH 18121030617-0000001</NtryRef>
				<Amt Ccy="EUR">869242.86</Amt>
				<CdtDbtInd>DBIT</CdtDbtInd>
				<Sts>BOOK</Sts>
				<BookgDt>
					<Dt>2018-12-10</Dt>
				</BookgDt>
				<ValDt>
					<Dt>2018-12-10</Dt>
				</ValDt>
				<AcctSvcrRef>CPH 18121030617-0000001</AcctSvcrRef>
				<BkTxCd>
					<Domn>
						<Cd>FORX</Cd>
						<Fmly>
							<Cd>MDOP</Cd>
							<SubFmlyCd>OTHR</SubFmlyCd>
						</Fmly>
					</Domn>
					<Prtry>
						<Cd>FEX</Cd>
						<Issr>SWIFT</Issr>
					</Prtry>
				</BkTxCd>
				<NtryDtls>
					<TxDtls>
						<AmtDtls>
							<TxAmt>
								<Amt Ccy="EUR">869242.86</Amt>
							</TxAmt>
						</AmtDtls>
					</TxDtls>
				</NtryDtls>
				<AddtlNtryInf>105724178001001</AddtlNtryInf>
			</Ntry>
			<Ntry>
				<NtryRef>CPH 18121031405-0000002</NtryRef>
				<Amt Ccy="EUR">562714.00</Amt>
				<CdtDbtInd>DBIT</CdtDbtInd>
				<Sts>BOOK</Sts>
				<BookgDt>
					<Dt>2018-12-10</Dt>
				</BookgDt>
				<ValDt>
					<Dt>2018-12-10</Dt>
				</ValDt>
				<AcctSvcrRef>CPH 18121031405-0000002</AcctSvcrRef>
				<BkTxCd>
					<Domn>
						<Cd>PMNT</Cd>
						<Fmly>
							<Cd>ICCN</Cd>
							<SubFmlyCd>ICCT</SubFmlyCd>
						</Fmly>
					</Domn>
					<Prtry>
						<Cd>TRF</Cd>
						<Issr>SWIFT</Issr>
					</Prtry>
				</BkTxCd>
				<NtryDtls>
					<TxDtls>
						<Refs>
							<AcctSvcrRef>STOISP02181207150005740025000001</AcctSvcrRef>
							<PmtInfId>44HL-DANCOEUSVEE</PmtInfId>
						</Refs>
						<AmtDtls>
							<TxAmt>
								<Amt Ccy="EUR">562714.00</Amt>
							</TxAmt>
						</AmtDtls>
						<RltdPties>
							<Dbtr>
								<Nm>TEST Customer</Nm>
							</Dbtr>
							<Cdtr>
								<Nm>Beneficiary</Nm>
							</Cdtr>
							<CdtrAcct>
								<Id>
									<Othr>
										<Id>30003333333333</Id>
										<SchmeNm>
											<Cd>BBAN</Cd>
										</SchmeNm>
									</Othr>
								</Id>
							</CdtrAcct>
						</RltdPties>
						<RltdAgts>
							<DbtrAgt>
								<FinInstnId>
									<Nm>Skandinaviska Enskilda Banken</Nm>
								</FinInstnId>
							</DbtrAgt>
							<CdtrAgt>
								<FinInstnId>
									<BIC>DABADKKKXXX</BIC>
								</FinInstnId>
							</CdtrAgt>
						</RltdAgts>
					</TxDtls>
				</NtryDtls>
				<AddtlNtryInf>44HL-DANCOEUSVEE</AddtlNtryInf>
			</Ntry>
			<Ntry>
				<NtryRef>CPH 18121043252-0000003</NtryRef>
				<Amt Ccy="EUR">1658389.80</Amt>
				<CdtDbtInd>DBIT</CdtDbtInd>
				<Sts>BOOK</Sts>
				<BookgDt>
					<Dt>2018-12-10</Dt>
				</BookgDt>
				<ValDt>
					<Dt>2018-12-10</Dt>
				</ValDt>
				<AcctSvcrRef>CPH 18121043252-0000003</AcctSvcrRef>
				<BkTxCd>
					<Domn>
						<Cd>PMNT</Cd>
						<Fmly>
							<Cd>ICDT</Cd>
							<SubFmlyCd>ESCT</SubFmlyCd>
						</Fmly>
					</Domn>
					<Prtry>
						<Cd>TRF</Cd>
						<Issr>SWIFT</Issr>
					</Prtry>
				</BkTxCd>
				<NtryDtls>
					<TxDtls>
						<Refs>
							<MsgId>dc-13372</MsgId>
							<AcctSvcrRef>STOESI05181203100255272504000001</AcctSvcrRef>
							<PmtInfId>DC316103US</PmtInfId>
							<InstrId>DC316103TH</InstrId>
							<EndToEndId>DC316103TH</EndToEndId>
						</Refs>
						<AmtDtls>
							<TxAmt>
								<Amt Ccy="EUR">1658389.80</Amt>
							</TxAmt>
						</AmtDtls>
						<RltdPties>
							<Dbtr>
								<Nm>TEST Customer</Nm>
							</Dbtr>
							<Cdtr>
								<Nm>Beneficiary</Nm>
							</Cdtr>
							<CdtrAcct>
								<Id>
									<IBAN>CZ8203000000000011111111</IBAN>
								</Id>
							</CdtrAcct>
						</RltdPties>
						<RltdAgts>
							<DbtrAgt>
								<FinInstnId>
									<Nm>Skandinaviska Enskilda Banken</Nm>
								</FinInstnId>
							</DbtrAgt>
							<CdtrAgt>
								<FinInstnId>
									<BIC>CEKOCZPPXXX</BIC>
								</FinInstnId>
							</CdtrAgt>
						</RltdAgts>
					</TxDtls>
				</NtryDtls>
				<AddtlNtryInf>STOESI0518120310</AddtlNtryInf>
			</Ntry>
			<Ntry>
				<NtryRef>CPH 18121043277-0000004</NtryRef>
				<Amt Ccy="EUR">28347.14</Amt>
				<CdtDbtInd>DBIT</CdtDbtInd>
				<Sts>BOOK</Sts>
				<BookgDt>
					<Dt>2018-12-10</Dt>
				</BookgDt>
				<ValDt>
					<Dt>2018-12-10</Dt>
				</ValDt>
				<AcctSvcrRef>CPH 18121043277-0000004</AcctSvcrRef>
				<BkTxCd>
					<Domn>
						<Cd>PMNT</Cd>
						<Fmly>
							<Cd>ICDT</Cd>
							<SubFmlyCd>ESCT</SubFmlyCd>
						</Fmly>
					</Domn>
					<Prtry>
						<Cd>TRF</Cd>
						<Issr>SWIFT</Issr>
					</Prtry>
				</BkTxCd>
				<NtryDtls>
					<TxDtls>
						<Refs>
							<MsgId>dc-13448</MsgId>
							<AcctSvcrRef>STOESI05181207135346521454000001</AcctSvcrRef>
							<PmtInfId>DC316657US</PmtInfId>
							<InstrId>DC316657TH</InstrId>
							<EndToEndId>DC316657TH</EndToEndId>
						</Refs>
						<AmtDtls>
							<TxAmt>
								<Amt Ccy="EUR">28347.14</Amt>
							</TxAmt>
						</AmtDtls>
						<RltdPties>
							<Dbtr>
								<Nm>TEST Customer</Nm>
							</Dbtr>
							<Cdtr>
								<Nm>Beneficiary</Nm>
							</Cdtr>
							<CdtrAcct>
								<Id>
									<IBAN>DE49500210000011111111</IBAN>
								</Id>
							</CdtrAcct>
						</RltdPties>
						<RltdAgts>
							<DbtrAgt>
								<FinInstnId>
									<Nm>Skandinaviska Enskilda Banken</Nm>
								</FinInstnId>
							</DbtrAgt>
							<CdtrAgt>
								<FinInstnId>
									<BIC>INGBDEFFXXX</BIC>
								</FinInstnId>
							</CdtrAgt>
						</RltdAgts>
					</TxDtls>
				</NtryDtls>
				<AddtlNtryInf>STOESI0518120713</AddtlNtryInf>
			</Ntry>
			<Ntry>
				<NtryRef>CPH 18121043279-0000005</NtryRef>
				<Amt Ccy="EUR">50325.96</Amt>
				<CdtDbtInd>DBIT</CdtDbtInd>
				<Sts>BOOK</Sts>
				<BookgDt>
					<Dt>2018-12-10</Dt>
				</BookgDt>
				<ValDt>
					<Dt>2018-12-10</Dt>
				</ValDt>
				<AcctSvcrRef>CPH 18121043279-0000005</AcctSvcrRef>
				<BkTxCd>
					<Domn>
						<Cd>PMNT</Cd>
						<Fmly>
							<Cd>ICDT</Cd>
							<SubFmlyCd>ESCT</SubFmlyCd>
						</Fmly>
					</Domn>
					<Prtry>
						<Cd>TRF</Cd>
						<Issr>SWIFT</Issr>
					</Prtry>
				</BkTxCd>
				<NtryDtls>
					<TxDtls>
						<Refs>
							<MsgId>dc-13448</MsgId>
							<AcctSvcrRef>STOESI05181207135346521455000001</AcctSvcrRef>
							<PmtInfId>DC316659US</PmtInfId>
							<InstrId>DC316659TH</InstrId>
							<EndToEndId>DC316659TH</EndToEndId>
						</Refs>
						<AmtDtls>
							<TxAmt>
								<Amt Ccy="EUR">50325.96</Amt>
							</TxAmt>
						</AmtDtls>
						<RltdPties>
							<Dbtr>
								<Nm>TEST Customer</Nm>
							</Dbtr>
							<Cdtr>
								<Nm>Beneficiary</Nm>
							</Cdtr>
							<CdtrAcct>
								<Id>
									<IBAN>DE49500210000011111112</IBAN>
								</Id>
							</CdtrAcct>
						</RltdPties>
						<RltdAgts>
							<DbtrAgt>
								<FinInstnId>
									<Nm>Skandinaviska Enskilda Banken</Nm>
								</FinInstnId>
							</DbtrAgt>
							<CdtrAgt>
								<FinInstnId>
									<BIC>INGBDEFFXXX</BIC>
								</FinInstnId>
							</CdtrAgt>
						</RltdAgts>
					</TxDtls>
				</NtryDtls>
				<AddtlNtryInf>STOESI0518120713</AddtlNtryInf>
			</Ntry>
			<Ntry>
				<NtryRef>CPH 18121080185-0000006</NtryRef>
				<Amt Ccy="EUR">1150000.00</Amt>
				<CdtDbtInd>CRDT</CdtDbtInd>
				<Sts>BOOK</Sts>
				<BookgDt>
					<Dt>2018-12-10</Dt>
				</BookgDt>
				<ValDt>
					<Dt>2018-12-10</Dt>
				</ValDt>
				<AcctSvcrRef>CPH 18121080185-0000006</AcctSvcrRef>
				<BkTxCd>
					<Domn>
						<Cd>PMNT</Cd>
						<Fmly>
							<Cd>RCDT</Cd>
							<SubFmlyCd>XBCT</SubFmlyCd>
						</Fmly>
					</Domn>
					<Prtry>
						<Cd>TRF</Cd>
						<Issr>SWIFT</Issr>
					</Prtry>
				</BkTxCd>
				<NtryDtls>
					<TxDtls>
						<Refs>
							<AcctSvcrRef>CPHXMT01201812100731080185000001</AcctSvcrRef>
							<PmtInfId>3808415920</PmtInfId>
						</Refs>
						<AmtDtls>
							<TxAmt>
								<Amt Ccy="EUR">1150000.00</Amt>
							</TxAmt>
						</AmtDtls>
						<RltdPties>
							<Dbtr>
								<Nm>Debtor</Nm>
								<PstlAdr>
									<StrtNm>Street name</StrtNm>
									<TwnNm>Town name</TwnNm>
								</PstlAdr>
							</Dbtr>
							<Cdtr>
								<Nm>TEST Customer</Nm>
							</Cdtr>
						</RltdPties>
						<RltdAgts>
							<DbtrAgt>
								<FinInstnId>
									<BIC>CITIGB2LXXX</BIC>
								</FinInstnId>
							</DbtrAgt>
							<CdtrAgt>
								<FinInstnId>
									<BIC>ESSEDKKKXXX</BIC>
								</FinInstnId>
							</CdtrAgt>
						</RltdAgts>
						<RmtInf>
							<Ustrd>2000053333</Ustrd>
						</RmtInf>
					</TxDtls>
				</NtryDtls>
				<AddtlNtryInf>3808415920</AddtlNtryInf>
			</Ntry>
			<Ntry>
				<NtryRef>CPH 18121080866-0000007</NtryRef>
				<Amt Ccy="EUR">1500000.00</Amt>
				<CdtDbtInd>CRDT</CdtDbtInd>
				<Sts>BOOK</Sts>
				<BookgDt>
					<Dt>2018-12-10</Dt>
				</BookgDt>
				<ValDt>
					<Dt>2018-12-10</Dt>
				</ValDt>
				<AcctSvcrRef>CPH 18121080866-0000007</AcctSvcrRef>
				<BkTxCd>
					<Domn>
						<Cd>PMNT</Cd>
						<Fmly>
							<Cd>RCDT</Cd>
							<SubFmlyCd>ESCT</SubFmlyCd>
						</Fmly>
					</Domn>
					<Prtry>
						<Cd>TRF</Cd>
						<Issr>SWIFT</Issr>
					</Prtry>
				</BkTxCd>
				<NtryDtls>
					<TxDtls>
						<Refs>
							<AcctSvcrRef>STOEQU98181210074437000008000001</AcctSvcrRef>
							<InstrId>8341N3506564589I0TP</InstrId>
							<EndToEndId>NOTPROVIDED</EndToEndId>
						</Refs>
						<AmtDtls>
							<TxAmt>
								<Amt Ccy="EUR">1500000.00</Amt>
							</TxAmt>
						</AmtDtls>
						<RltdPties>
							<Dbtr>
								<Nm>Debtor</Nm>
								<PstlAdr>
									<AdrLine>Line 1</AdrLine>
								</PstlAdr>
							</Dbtr>
							<Cdtr>
								<Nm>TEST Customer</Nm>
							</Cdtr>
						</RltdPties>
						<RltdAgts>
							<DbtrAgt>
								<FinInstnId>
									<BIC>ABNCNL2A</BIC>
								</FinInstnId>
							</DbtrAgt>
							<CdtrAgt>
								<FinInstnId>
									<BIC>ESSEDKKKXXX</BIC>
								</FinInstnId>
							</CdtrAgt>
						</RltdAgts>
					</TxDtls>
				</NtryDtls>
				<AddtlNtryInf>299-937729</AddtlNtryInf>
			</Ntry>
			<Ntry>
				<NtryRef>CPH 18121081059-0000008</NtryRef>
				<Amt Ccy="EUR">840000.00</Amt>
				<CdtDbtInd>CRDT</CdtDbtInd>
				<Sts>BOOK</Sts>
				<BookgDt>
					<Dt>2018-12-10</Dt>
				</BookgDt>
				<ValDt>
					<Dt>2018-12-10</Dt>
				</ValDt>
				<AcctSvcrRef>CPH 18121081059-0000008</AcctSvcrRef>
				<BkTxCd>
					<Domn>
						<Cd>PMNT</Cd>
						<Fmly>
							<Cd>RCDT</Cd>
							<SubFmlyCd>XBCT</SubFmlyCd>
						</Fmly>
					</Domn>
					<Prtry>
						<Cd>TRF</Cd>
						<Issr>SWIFT</Issr>
					</Prtry>
				</BkTxCd>
				<NtryDtls>
					<TxDtls>
						<Refs>
							<AcctSvcrRef>CPHXMT01201812100810081059000001</AcctSvcrRef>
							<PmtInfId>FTT3752423 01</PmtInfId>
						</Refs>
						<AmtDtls>
							<TxAmt>
								<Amt Ccy="EUR">840000.00</Amt>
							</TxAmt>
						</AmtDtls>
						<RltdPties>
							<Dbtr>
								<Nm>Debtor</Nm>
								<PstlAdr>
									<AdrLine>Line 1</AdrLine>
								</PstlAdr>
							</Dbtr>
							<Cdtr>
								<Nm>TEST Customer</Nm>
							</Cdtr>
						</RltdPties>
						<RltdAgts>
							<DbtrAgt>
								<FinInstnId>
									<BIC>CHASGB2LXXX</BIC>
								</FinInstnId>
							</DbtrAgt>
							<CdtrAgt>
								<FinInstnId>
									<BIC>ESSEDKKKXXX</BIC>
								</FinInstnId>
							</CdtrAgt>
						</RltdAgts>
						<RmtInf>
							<Ustrd>122222</Ustrd>
						</RmtInf>
					</TxDtls>
				</NtryDtls>
				<AddtlNtryInf>FTT3752423 01</AddtlNtryInf>
			</Ntry>
			<Ntry>
				<NtryRef>CPH 18121081193-0000009</NtryRef>
				<Amt Ccy="EUR">123920.10</Amt>
				<CdtDbtInd>DBIT</CdtDbtInd>
				<Sts>BOOK</Sts>
				<BookgDt>
					<Dt>2018-12-10</Dt>
				</BookgDt>
				<ValDt>
					<Dt>2018-12-10</Dt>
				</ValDt>
				<AcctSvcrRef>CPH 18121081193-0000009</AcctSvcrRef>
				<BkTxCd>
					<Domn>
						<Cd>FORX</Cd>
						<Fmly>
							<Cd>MDOP</Cd>
							<SubFmlyCd>OTHR</SubFmlyCd>
						</Fmly>
					</Domn>
					<Prtry>
						<Cd>FEX</Cd>
						<Issr>SWIFT</Issr>
					</Prtry>
				</BkTxCd>
				<NtryDtls>
					<TxDtls>
						<AmtDtls>
							<TxAmt>
								<Amt Ccy="EUR">123920.1</Amt>
							</TxAmt>
						</AmtDtls>
					</TxDtls>
				</NtryDtls>
				<AddtlNtryInf>105775718888001</AddtlNtryInf>
			</Ntry>
			<Ntry>
				<NtryRef>CPH 18121082430-0000010</NtryRef>
				<Amt Ccy="EUR">300000.00</Amt>
				<CdtDbtInd>DBIT</CdtDbtInd>
				<Sts>BOOK</Sts>
				<BookgDt>
					<Dt>2018-12-10</Dt>
				</BookgDt>
				<ValDt>
					<Dt>2018-12-10</Dt>
				</ValDt>
				<AcctSvcrRef>CPH 18121082430-0000010</AcctSvcrRef>
				<BkTxCd>
					<Domn>
						<Cd>PMNT</Cd>
						<Fmly>
							<Cd>ICDT</Cd>
							<SubFmlyCd>XBCT</SubFmlyCd>
						</Fmly>
					</Domn>
					<Prtry>
						<Cd>TRF</Cd>
						<Issr>SWIFT</Issr>
					</Prtry>
				</BkTxCd>
				<NtryDtls>
					<TxDtls>
						<Refs>
							<AcctSvcrRef>STONCM01181210092017025657000001</AcctSvcrRef>
							<PmtInfId>SEB_EUR_38</PmtInfId>
						</Refs>
						<AmtDtls>
							<TxAmt>
								<Amt Ccy="EUR">300000.00</Amt>
							</TxAmt>
						</AmtDtls>
						<RltdPties>
							<Dbtr>
								<Nm>TEST Customer</Nm>
							</Dbtr>
							<Cdtr>
								<Nm>Beneficiary</Nm>
							</Cdtr>
							<CdtrAcct>
								<Id>
									<IBAN>HR8523900011100033333</IBAN>
								</Id>
							</CdtrAcct>
						</RltdPties>
						<RltdAgts>
							<DbtrAgt>
								<FinInstnId>
									<Nm>Skandinaviska Enskilda Banken</Nm>
								</FinInstnId>
							</DbtrAgt>
							<CdtrAgt>
								<FinInstnId>
									<BIC>HPBZHR2XXXX</BIC>
								</FinInstnId>
							</CdtrAgt>
						</RltdAgts>
					</TxDtls>
				</NtryDtls>
				<AddtlNtryInf>1210092017022222</AddtlNtryInf>
			</Ntry>
			<Ntry>
				<NtryRef>CPH 18121082431-0000011</NtryRef>
				<Amt Ccy="EUR">6000000.00</Amt>
				<CdtDbtInd>DBIT</CdtDbtInd>
				<Sts>BOOK</Sts>
				<BookgDt>
					<Dt>2018-12-10</Dt>
				</BookgDt>
				<ValDt>
					<Dt>2018-12-10</Dt>
				</ValDt>
				<AcctSvcrRef>CPH 18121082431-0000011</AcctSvcrRef>
				<BkTxCd>
					<Domn>
						<Cd>PMNT</Cd>
						<Fmly>
							<Cd>ICCN</Cd>
							<SubFmlyCd>ICCT</SubFmlyCd>
						</Fmly>
					</Domn>
					<Prtry>
						<Cd>TRF</Cd>
						<Issr>SWIFT</Issr>
					</Prtry>
				</BkTxCd>
				<NtryDtls>
					<TxDtls>
						<Refs>
							<AcctSvcrRef>STONCM01181210092017025656000001</AcctSvcrRef>
							<PmtInfId>SEB_EUR_39</PmtInfId>
						</Refs>
						<AmtDtls>
							<TxAmt>
								<Amt Ccy="EUR">6000000.00</Amt>
							</TxAmt>
						</AmtDtls>
						<RltdPties>
							<Dbtr>
								<Nm>TEST Customer</Nm>
							</Dbtr>
							<Cdtr>
								<Nm>Beneficiary</Nm>
							</Cdtr>
							<CdtrAcct>
								<Id>
									<Othr>
										<Id>71100009999999</Id>
										<SchmeNm>
											<Cd>BBAN</Cd>
										</SchmeNm>
									</Othr>
								</Id>
							</CdtrAcct>
						</RltdPties>
						<RltdAgts>
							<DbtrAgt>
								<FinInstnId>
									<Nm>Skandinaviska Enskilda Banken</Nm>
								</FinInstnId>
							</DbtrAgt>
							<CdtrAgt>
								<FinInstnId>
									<BIC>SYBKDK22XXX</BIC>
								</FinInstnId>
							</CdtrAgt>
						</RltdAgts>
					</TxDtls>
				</NtryDtls>
				<AddtlNtryInf>1210092017022222</AddtlNtryInf>
			</Ntry>
			<Ntry>
				<NtryRef>CPH 18121084955-0000012</NtryRef>
				<Amt Ccy="EUR">12924.00</Amt>
				<CdtDbtInd>DBIT</CdtDbtInd>
				<Sts>BOOK</Sts>
				<BookgDt>
					<Dt>2018-12-10</Dt>
				</BookgDt>
				<ValDt>
					<Dt>2018-12-10</Dt>
				</ValDt>
				<AcctSvcrRef>CPH 18121084955-0000012</AcctSvcrRef>
				<BkTxCd>
					<Domn>
						<Cd>PMNT</Cd>
						<Fmly>
							<Cd>ICDT</Cd>
							<SubFmlyCd>XBCT</SubFmlyCd>
						</Fmly>
					</Domn>
					<Prtry>
						<Cd>TRF</Cd>
						<Issr>SWIFT</Issr>
					</Prtry>
				</BkTxCd>
				<NtryDtls>
					<TxDtls>
						<Refs>
							<MsgId>dc-13460</MsgId>
							<AcctSvcrRef>STOESI05181210101554577753000001</AcctSvcrRef>
							<PmtInfId>DC316697US</PmtInfId>
							<InstrId>DC316697TH</InstrId>
							<EndToEndId>DC316697TH</EndToEndId>
						</Refs>
						<AmtDtls>
							<TxAmt>
								<Amt Ccy="EUR">12924.00</Amt>
							</TxAmt>
						</AmtDtls>
						<RltdPties>
							<Dbtr>
								<Nm>TEST Customer</Nm>
							</Dbtr>
							<Cdtr>
								<Nm>Beneficiary</Nm>
							</Cdtr>
							<CdtrAcct>
								<Id>
									<IBAN>DE61280200501444444444</IBAN>
								</Id>
							</CdtrAcct>
						</RltdPties>
						<RltdAgts>
							<DbtrAgt>
								<FinInstnId>
									<Nm>Skandinaviska Enskilda Banken</Nm>
								</FinInstnId>
							</DbtrAgt>
							<CdtrAgt>
								<FinInstnId>
									<BIC>OLBODEH2XXX</BIC>
								</FinInstnId>
							</CdtrAgt>
						</RltdAgts>
					</TxDtls>
				</NtryDtls>
				<AddtlNtryInf>DC316697US</AddtlNtryInf>
			</Ntry>
			<Ntry>
				<NtryRef>CPH 18121087900-0000013</NtryRef>
				<Amt Ccy="EUR">491.34</Amt>
				<CdtDbtInd>DBIT</CdtDbtInd>
				<Sts>BOOK</Sts>
				<BookgDt>
					<Dt>2018-12-10</Dt>
				</BookgDt>
				<ValDt>
					<Dt>2018-12-10</Dt>
				</ValDt>
				<AcctSvcrRef>CPH 18121087900-0000013</AcctSvcrRef>
				<BkTxCd>
					<Domn>
						<Cd>PMNT</Cd>
						<Fmly>
							<Cd>ICDT</Cd>
							<SubFmlyCd>ESCT</SubFmlyCd>
						</Fmly>
					</Domn>
					<Prtry>
						<Cd>TRF</Cd>
						<Issr>SWIFT</Issr>
					</Prtry>
				</BkTxCd>
				<NtryDtls>
					<TxDtls>
						<Refs>
							<MsgId>dc-13460</MsgId>
							<AcctSvcrRef>STOESI05181210101554577771000001</AcctSvcrRef>
							<PmtInfId>DC316728US</PmtInfId>
							<InstrId>DC316728TH</InstrId>
							<EndToEndId>DC316728TH</EndToEndId>
						</Refs>
						<AmtDtls>
							<TxAmt>
								<Amt Ccy="EUR">491.34</Amt>
							</TxAmt>
						</AmtDtls>
						<RltdPties>
							<Dbtr>
								<Nm>TEST Customer</Nm>
							</Dbtr>
							<Cdtr>
								<Nm>Beneficiary</Nm>
							</Cdtr>
							<CdtrAcct>
								<Id>
									<IBAN>DE495007001009635555555</IBAN>
								</Id>
							</CdtrAcct>
						</RltdPties>
						<RltdAgts>
							<DbtrAgt>
								<FinInstnId>
									<Nm>Skandinaviska Enskilda Banken</Nm>
								</FinInstnId>
							</DbtrAgt>
							<CdtrAgt>
								<FinInstnId>
									<BIC>DEUTDEFFXXX</BIC>
								</FinInstnId>
							</CdtrAgt>
						</RltdAgts>
					</TxDtls>
				</NtryDtls>
				<AddtlNtryInf>STOESI0518121010</AddtlNtryInf>
			</Ntry>
			<Ntry>
				<NtryRef>CPH 18121087901-0000014</NtryRef>
				<Amt Ccy="EUR">268.21</Amt>
				<CdtDbtInd>DBIT</CdtDbtInd>
				<Sts>BOOK</Sts>
				<BookgDt>
					<Dt>2018-12-10</Dt>
				</BookgDt>
				<ValDt>
					<Dt>2018-12-10</Dt>
				</ValDt>
				<AcctSvcrRef>CPH 18121087901-0000014</AcctSvcrRef>
				<BkTxCd>
					<Domn>
						<Cd>PMNT</Cd>
						<Fmly>
							<Cd>ICDT</Cd>
							<SubFmlyCd>ESCT</SubFmlyCd>
						</Fmly>
					</Domn>
					<Prtry>
						<Cd>TRF</Cd>
						<Issr>SWIFT</Issr>
					</Prtry>
				</BkTxCd>
				<NtryDtls>
					<TxDtls>
						<Refs>
							<MsgId>dc-13460</MsgId>
							<AcctSvcrRef>STOESI05181210101554577763000001</AcctSvcrRef>
							<PmtInfId>DC316720US</PmtInfId>
							<InstrId>DC316720TH</InstrId>
							<EndToEndId>DC316720TH</EndToEndId>
						</Refs>
						<AmtDtls>
							<TxAmt>
								<Amt Ccy="EUR">268.21</Amt>
							</TxAmt>
						</AmtDtls>
						<RltdPties>
							<Dbtr>
								<Nm>TEST Customer</Nm>
							</Dbtr>
							<Cdtr>
								<Nm>Beneficiary</Nm>
							</Cdtr>
							<CdtrAcct>
								<Id>
									<IBAN>NL89TRIO0399977777</IBAN>
								</Id>
							</CdtrAcct>
						</RltdPties>
						<RltdAgts>
							<DbtrAgt>
								<FinInstnId>
									<Nm>Skandinaviska Enskilda Banken</Nm>
								</FinInstnId>
							</DbtrAgt>
							<CdtrAgt>
								<FinInstnId>
									<BIC>TRIONL2UXXX</BIC>
								</FinInstnId>
							</CdtrAgt>
						</RltdAgts>
					</TxDtls>
				</NtryDtls>
				<AddtlNtryInf>STOESI0518121010</AddtlNtryInf>
			</Ntry>
			<Ntry>
				<NtryRef>CPH 18121087902-0000015</NtryRef>
				<Amt Ccy="EUR">6672.37</Amt>
				<CdtDbtInd>DBIT</CdtDbtInd>
				<Sts>BOOK</Sts>
				<BookgDt>
					<Dt>2018-12-10</Dt>
				</BookgDt>
				<ValDt>
					<Dt>2018-12-10</Dt>
				</ValDt>
				<AcctSvcrRef>CPH 18121087902-0000015</AcctSvcrRef>
				<BkTxCd>
					<Domn>
						<Cd>PMNT</Cd>
						<Fmly>
							<Cd>ICDT</Cd>
							<SubFmlyCd>ESCT</SubFmlyCd>
						</Fmly>
					</Domn>
					<Prtry>
						<Cd>TRF</Cd>
						<Issr>SWIFT</Issr>
					</Prtry>
				</BkTxCd>
				<NtryDtls>
					<TxDtls>
						<Refs>
							<MsgId>dc-13460</MsgId>
							<AcctSvcrRef>STOESI05181210101554577751000001</AcctSvcrRef>
							<PmtInfId>DC316693US</PmtInfId>
							<InstrId>DC316693TH</InstrId>
							<EndToEndId>DC316693TH</EndToEndId>
						</Refs>
						<AmtDtls>
							<TxAmt>
								<Amt Ccy="EUR">6672.37</Amt>
							</TxAmt>
						</AmtDtls>
						<RltdPties>
							<Dbtr>
								<Nm>TEST Customer</Nm>
							</Dbtr>
							<Cdtr>
								<Nm>Beneficiary</Nm>
							</Cdtr>
							<CdtrAcct>
								<Id>
									<IBAN>DE68700700222222228888</IBAN>
								</Id>
							</CdtrAcct>
						</RltdPties>
						<RltdAgts>
							<DbtrAgt>
								<FinInstnId>
									<Nm>Skandinaviska Enskilda Banken</Nm>
								</FinInstnId>
							</DbtrAgt>
							<CdtrAgt>
								<FinInstnId>
									<BIC>DEUTDEMMXXX</BIC>
								</FinInstnId>
							</CdtrAgt>
						</RltdAgts>
					</TxDtls>
				</NtryDtls>
				<AddtlNtryInf>STOESI0518121010</AddtlNtryInf>
			</Ntry>
			<Ntry>
				<NtryRef>CPH 18121087903-0000016</NtryRef>
				<Amt Ccy="EUR">4864.78</Amt>
				<CdtDbtInd>DBIT</CdtDbtInd>
				<Sts>BOOK</Sts>
				<BookgDt>
					<Dt>2018-12-10</Dt>
				</BookgDt>
				<ValDt>
					<Dt>2018-12-10</Dt>
				</ValDt>
				<AcctSvcrRef>CPH 18121087903-0000016</AcctSvcrRef>
				<BkTxCd>
					<Domn>
						<Cd>PMNT</Cd>
						<Fmly>
							<Cd>ICDT</Cd>
							<SubFmlyCd>ESCT</SubFmlyCd>
						</Fmly>
					</Domn>
					<Prtry>
						<Cd>TRF</Cd>
						<Issr>SWIFT</Issr>
					</Prtry>
				</BkTxCd>
				<NtryDtls>
					<TxDtls>
						<Refs>
							<MsgId>dc-13460</MsgId>
							<AcctSvcrRef>STOESI05181210101554577761000001</AcctSvcrRef>
							<PmtInfId>DC316716US</PmtInfId>
							<InstrId>DC316716TH</InstrId>
							<EndToEndId>DC316716TH</EndToEndId>
						</Refs>
						<AmtDtls>
							<TxAmt>
								<Amt Ccy="EUR">4864.78</Amt>
							</TxAmt>
						</AmtDtls>
						<RltdPties>
							<Dbtr>
								<Nm>TEST Customer</Nm>
							</Dbtr>
							<Cdtr>
								<Nm>Beneficiary</Nm>
							</Cdtr>
							<CdtrAcct>
								<Id>
									<IBAN>GB75NWBK65555555555555</IBAN>
								</Id>
							</CdtrAcct>
						</RltdPties>
						<RltdAgts>
							<DbtrAgt>
								<FinInstnId>
									<Nm>Skandinaviska Enskilda Banken</Nm>
								</FinInstnId>
							</DbtrAgt>
							<CdtrAgt>
								<FinInstnId>
									<BIC>NWBKGB2LXXX</BIC>
								</FinInstnId>
							</CdtrAgt>
						</RltdAgts>
					</TxDtls>
				</NtryDtls>
				<AddtlNtryInf>STOESI0518121010</AddtlNtryInf>
			</Ntry>
			<Ntry>
				<NtryRef>CPH 18121087904-0000017</NtryRef>
				<Amt Ccy="EUR">380000.00</Amt>
				<CdtDbtInd>DBIT</CdtDbtInd>
				<Sts>BOOK</Sts>
				<BookgDt>
					<Dt>2018-12-10</Dt>
				</BookgDt>
				<ValDt>
					<Dt>2018-12-10</Dt>
				</ValDt>
				<AcctSvcrRef>CPH 18121087904-0000017</AcctSvcrRef>
				<BkTxCd>
					<Domn>
						<Cd>PMNT</Cd>
						<Fmly>
							<Cd>ICDT</Cd>
							<SubFmlyCd>ESCT</SubFmlyCd>
						</Fmly>
					</Domn>
					<Prtry>
						<Cd>TRF</Cd>
						<Issr>SWIFT</Issr>
					</Prtry>
				</BkTxCd>
				<NtryDtls>
					<TxDtls>
						<Refs>
							<MsgId>dc-13460</MsgId>
							<AcctSvcrRef>STOESI05181210101554577758000001</AcctSvcrRef>
							<PmtInfId>DC316710US</PmtInfId>
							<InstrId>DC316710TH</InstrId>
							<EndToEndId>DC316710TH</EndToEndId>
						</Refs>
						<AmtDtls>
							<TxAmt>
								<Amt Ccy="EUR">380000.00</Amt>
							</TxAmt>
						</AmtDtls>
						<RltdPties>
							<Dbtr>
								<Nm>TEST Customer</Nm>
							</Dbtr>
							<Cdtr>
								<Nm>Beneficiary</Nm>
							</Cdtr>
							<CdtrAcct>
								<Id>
									<IBAN>BE42964444444444</IBAN>
								</Id>
							</CdtrAcct>
						</RltdPties>
						<RltdAgts>
							<DbtrAgt>
								<FinInstnId>
									<Nm>Skandinaviska Enskilda Banken</Nm>
								</FinInstnId>
							</DbtrAgt>
							<CdtrAgt>
								<FinInstnId>
									<BIC>ENIBBEBBXXX</BIC>
								</FinInstnId>
							</CdtrAgt>
						</RltdAgts>
					</TxDtls>
				</NtryDtls>
				<AddtlNtryInf>STOESI0518121010</AddtlNtryInf>
			</Ntry>
			<Ntry>
				<NtryRef>CPH 18121087905-0000018</NtryRef>
				<Amt Ccy="EUR">9394.40</Amt>
				<CdtDbtInd>DBIT</CdtDbtInd>
				<Sts>BOOK</Sts>
				<BookgDt>
					<Dt>2018-12-10</Dt>
				</BookgDt>
				<ValDt>
					<Dt>2018-12-10</Dt>
				</ValDt>
				<AcctSvcrRef>CPH 18121087905-0000018</AcctSvcrRef>
				<BkTxCd>
					<Domn>
						<Cd>PMNT</Cd>
						<Fmly>
							<Cd>ICDT</Cd>
							<SubFmlyCd>ESCT</SubFmlyCd>
						</Fmly>
					</Domn>
					<Prtry>
						<Cd>TRF</Cd>
						<Issr>SWIFT</Issr>
					</Prtry>
				</BkTxCd>
				<NtryDtls>
					<TxDtls>
						<Refs>
							<MsgId>dc-13460</MsgId>
							<AcctSvcrRef>STOESI05181210101554577752000001</AcctSvcrRef>
							<PmtInfId>DC316695US</PmtInfId>
							<InstrId>DC316695TH</InstrId>
							<EndToEndId>DC316695TH</EndToEndId>
						</Refs>
						<AmtDtls>
							<TxAmt>
								<Amt Ccy="EUR">9394.40</Amt>
							</TxAmt>
						</AmtDtls>
						<RltdPties>
							<Dbtr>
								<Nm>TEST Customer</Nm>
							</Dbtr>
							<Cdtr>
								<Nm>Beneficiary</Nm>
							</Cdtr>
							<CdtrAcct>
								<Id>
									<IBAN>NO3777777777777</IBAN>
								</Id>
							</CdtrAcct>
						</RltdPties>
						<RltdAgts>
							<DbtrAgt>
								<FinInstnId>
									<Nm>Skandinaviska Enskilda Banken</Nm>
								</FinInstnId>
							</DbtrAgt>
							<CdtrAgt>
								<FinInstnId>
									<BIC>NDEANOKKXXX</BIC>
								</FinInstnId>
							</CdtrAgt>
						</RltdAgts>
					</TxDtls>
				</NtryDtls>
				<AddtlNtryInf>STOESI0518121010</AddtlNtryInf>
			</Ntry>
			<Ntry>
				<NtryRef>CPH 18121087906-0000019</NtryRef>
				<Amt Ccy="EUR">7081.20</Amt>
				<CdtDbtInd>DBIT</CdtDbtInd>
				<Sts>BOOK</Sts>
				<BookgDt>
					<Dt>2018-12-10</Dt>
				</BookgDt>
				<ValDt>
					<Dt>2018-12-10</Dt>
				</ValDt>
				<AcctSvcrRef>CPH 18121087906-0000019</AcctSvcrRef>
				<BkTxCd>
					<Domn>
						<Cd>PMNT</Cd>
						<Fmly>
							<Cd>ICDT</Cd>
							<SubFmlyCd>ESCT</SubFmlyCd>
						</Fmly>
					</Domn>
					<Prtry>
						<Cd>TRF</Cd>
						<Issr>SWIFT</Issr>
					</Prtry>
				</BkTxCd>
				<NtryDtls>
					<TxDtls>
						<Refs>
							<MsgId>dc-13460</MsgId>
							<AcctSvcrRef>STOESI05181210101554577748000001</AcctSvcrRef>
							<PmtInfId>DC316687US</PmtInfId>
							<InstrId>DC316687TH</InstrId>
							<EndToEndId>DC316687TH</EndToEndId>
						</Refs>
						<AmtDtls>
							<TxAmt>
								<Amt Ccy="EUR">7081.20</Amt>
							</TxAmt>
						</AmtDtls>
						<RltdPties>
							<Dbtr>
								<Nm>TEST Customer</Nm>
							</Dbtr>
							<Cdtr>
								<Nm>Beneficiary</Nm>
							</Cdtr>
							<CdtrAcct>
								<Id>
									<IBAN>ES1300888888888888888888</IBAN>
								</Id>
							</CdtrAcct>
						</RltdPties>
						<RltdAgts>
							<DbtrAgt>
								<FinInstnId>
									<Nm>Skandinaviska Enskilda Banken</Nm>
								</FinInstnId>
							</DbtrAgt>
							<CdtrAgt>
								<FinInstnId>
									<BIC>POPUESMMXXX</BIC>
								</FinInstnId>
							</CdtrAgt>
						</RltdAgts>
					</TxDtls>
				</NtryDtls>
				<AddtlNtryInf>STOESI0518121010</AddtlNtryInf>
			</Ntry>
			<Ntry>
				<NtryRef>CPH 18121088249-0000020</NtryRef>
				<Amt Ccy="EUR">1367.29</Amt>
				<CdtDbtInd>DBIT</CdtDbtInd>
				<Sts>BOOK</Sts>
				<BookgDt>
					<Dt>2018-12-10</Dt>
				</BookgDt>
				<ValDt>
					<Dt>2018-12-10</Dt>
				</ValDt>
				<AcctSvcrRef>CPH 18121088249-0000020</AcctSvcrRef>
				<BkTxCd>
					<Domn>
						<Cd>PMNT</Cd>
						<Fmly>
							<Cd>ICDT</Cd>
							<SubFmlyCd>XBCT</SubFmlyCd>
						</Fmly>
					</Domn>
					<Prtry>
						<Cd>TRF</Cd>
						<Issr>SWIFT</Issr>
					</Prtry>
				</BkTxCd>
				<NtryDtls>
					<TxDtls>
						<Refs>
							<MsgId>dc-13461</MsgId>
							<AcctSvcrRef>STOESI05181210102245577992000001</AcctSvcrRef>
							<PmtInfId>DC316737US</PmtInfId>
							<InstrId>DC316737TH</InstrId>
							<EndToEndId>DC316737TH</EndToEndId>
						</Refs>
						<AmtDtls>
							<TxAmt>
								<Amt Ccy="EUR">1367.29</Amt>
							</TxAmt>
						</AmtDtls>
						<RltdPties>
							<Dbtr>
								<Nm>TEST Customer</Nm>
							</Dbtr>
							<Cdtr>
								<Nm>Beneficiary</Nm>
							</Cdtr>
							<CdtrAcct>
								<Id>
									<IBAN>RS35170003333333333333</IBAN>
								</Id>
							</CdtrAcct>
						</RltdPties>
						<RltdAgts>
							<DbtrAgt>
								<FinInstnId>
									<Nm>Skandinaviska Enskilda Banken</Nm>
								</FinInstnId>
							</DbtrAgt>
							<CdtrAgt>
								<FinInstnId>
									<BIC>BACXRSBGXXX</BIC>
								</FinInstnId>
							</CdtrAgt>
						</RltdAgts>
					</TxDtls>
				</NtryDtls>
				<AddtlNtryInf>DC316737US</AddtlNtryInf>
			</Ntry>
			<Ntry>
				<NtryRef>CPH 18121088562-0000021</NtryRef>
				<Amt Ccy="EUR">3022.94</Amt>
				<CdtDbtInd>DBIT</CdtDbtInd>
				<Sts>BOOK</Sts>
				<BookgDt>
					<Dt>2018-12-10</Dt>
				</BookgDt>
				<ValDt>
					<Dt>2018-12-10</Dt>
				</ValDt>
				<AcctSvcrRef>CPH 18121088562-0000021</AcctSvcrRef>
				<BkTxCd>
					<Domn>
						<Cd>PMNT</Cd>
						<Fmly>
							<Cd>ICDT</Cd>
							<SubFmlyCd>ESCT</SubFmlyCd>
						</Fmly>
					</Domn>
					<Prtry>
						<Cd>TRF</Cd>
						<Issr>SWIFT</Issr>
					</Prtry>
				</BkTxCd>
				<NtryDtls>
					<TxDtls>
						<Refs>
							<MsgId>dc-13461</MsgId>
							<AcctSvcrRef>STOESI05181210102245577991000001</AcctSvcrRef>
							<PmtInfId>DC316735US</PmtInfId>
							<InstrId>DC316735TH</InstrId>
							<EndToEndId>DC316735TH</EndToEndId>
						</Refs>
						<AmtDtls>
							<TxAmt>
								<Amt Ccy="EUR">3022.94</Amt>
							</TxAmt>
						</AmtDtls>
						<RltdPties>
							<Dbtr>
								<Nm>TEST Customer</Nm>
							</Dbtr>
							<Cdtr>
								<Nm>Beneficiary</Nm>
							</Cdtr>
							<CdtrAcct>
								<Id>
									<IBAN>GB20BARC66666666666666</IBAN>
								</Id>
							</CdtrAcct>
						</RltdPties>
						<RltdAgts>
							<DbtrAgt>
								<FinInstnId>
									<Nm>Skandinaviska Enskilda Banken</Nm>
								</FinInstnId>
							</DbtrAgt>
							<CdtrAgt>
								<FinInstnId>
									<BIC>BARCGB22XXX</BIC>
								</FinInstnId>
							</CdtrAgt>
						</RltdAgts>
					</TxDtls>
				</NtryDtls>
				<AddtlNtryInf>STOESI0518121010</AddtlNtryInf>
			</Ntry>
			<Ntry>
				<NtryRef>CPH 18121088563-0000022</NtryRef>
				<Amt Ccy="EUR">0.30</Amt>
				<CdtDbtInd>DBIT</CdtDbtInd>
				<Sts>BOOK</Sts>
				<BookgDt>
					<Dt>2018-12-10</Dt>
				</BookgDt>
				<ValDt>
					<Dt>2018-12-10</Dt>
				</ValDt>
				<AcctSvcrRef>CPH 18121088563-0000022</AcctSvcrRef>
				<BkTxCd>
					<Domn>
						<Cd>PMNT</Cd>
						<Fmly>
							<Cd>ICDT</Cd>
							<SubFmlyCd>ESCT</SubFmlyCd>
						</Fmly>
					</Domn>
					<Prtry>
						<Cd>TRF</Cd>
						<Issr>SWIFT</Issr>
					</Prtry>
				</BkTxCd>
				<NtryDtls>
					<TxDtls>
						<Refs>
							<MsgId>dc-13461</MsgId>
							<AcctSvcrRef>STOESI05181210102245577993000001</AcctSvcrRef>
							<PmtInfId>DC316739US</PmtInfId>
							<InstrId>DC316739TH</InstrId>
							<EndToEndId>DC316739TH</EndToEndId>
						</Refs>
						<AmtDtls>
							<TxAmt>
								<Amt Ccy="EUR">0.30</Amt>
							</TxAmt>
						</AmtDtls>
						<RltdPties>
							<Dbtr>
								<Nm>TEST Customer</Nm>
							</Dbtr>
							<Cdtr>
								<Nm>Beneficiary</Nm>
							</Cdtr>
							<CdtrAcct>
								<Id>
									<IBAN>IE97DABA44444444444444</IBAN>
								</Id>
							</CdtrAcct>
						</RltdPties>
						<RltdAgts>
							<DbtrAgt>
								<FinInstnId>
									<Nm>Skandinaviska Enskilda Banken</Nm>
								</FinInstnId>
							</DbtrAgt>
							<CdtrAgt>
								<FinInstnId>
									<BIC>DABAIE2DXXX</BIC>
								</FinInstnId>
							</CdtrAgt>
						</RltdAgts>
					</TxDtls>
				</NtryDtls>
				<AddtlNtryInf>STOESI0518121010</AddtlNtryInf>
			</Ntry>
			<Ntry>
				<NtryRef>CPH 18121088564-0000023</NtryRef>
				<Amt Ccy="EUR">6745.90</Amt>
				<CdtDbtInd>DBIT</CdtDbtInd>
				<Sts>BOOK</Sts>
				<BookgDt>
					<Dt>2018-12-10</Dt>
				</BookgDt>
				<ValDt>
					<Dt>2018-12-10</Dt>
				</ValDt>
				<AcctSvcrRef>CPH 18121088564-0000023</AcctSvcrRef>
				<BkTxCd>
					<Domn>
						<Cd>PMNT</Cd>
						<Fmly>
							<Cd>ICDT</Cd>
							<SubFmlyCd>ESCT</SubFmlyCd>
						</Fmly>
					</Domn>
					<Prtry>
						<Cd>TRF</Cd>
						<Issr>SWIFT</Issr>
					</Prtry>
				</BkTxCd>
				<NtryDtls>
					<TxDtls>
						<Refs>
							<MsgId>dc-13461</MsgId>
							<AcctSvcrRef>STOESI05181210102245577989000001</AcctSvcrRef>
							<PmtInfId>DC316730US</PmtInfId>
							<InstrId>DC316730TH</InstrId>
							<EndToEndId>DC316730TH</EndToEndId>
						</Refs>
						<AmtDtls>
							<TxAmt>
								<Amt Ccy="EUR">6745.90</Amt>
							</TxAmt>
						</AmtDtls>
						<RltdPties>
							<Dbtr>
								<Nm>TEST Customer</Nm>
							</Dbtr>
							<Cdtr>
								<Nm>Beneficiary</Nm>
							</Cdtr>
							<CdtrAcct>
								<Id>
									<IBAN>GB50RBOS88808888888888</IBAN>
								</Id>
							</CdtrAcct>
						</RltdPties>
						<RltdAgts>
							<DbtrAgt>
								<FinInstnId>
									<Nm>Skandinaviska Enskilda Banken</Nm>
								</FinInstnId>
							</DbtrAgt>
							<CdtrAgt>
								<FinInstnId>
									<BIC>RBOSGB2LXXX</BIC>
								</FinInstnId>
							</CdtrAgt>
						</RltdAgts>
					</TxDtls>
				</NtryDtls>
				<AddtlNtryInf>STOESI0518121010</AddtlNtryInf>
			</Ntry>
			<Ntry>
				<NtryRef>CPH 18121089991-0000024</NtryRef>
				<Amt Ccy="EUR">171.00</Amt>
				<CdtDbtInd>DBIT</CdtDbtInd>
				<Sts>BOOK</Sts>
				<BookgDt>
					<Dt>2018-12-10</Dt>
				</BookgDt>
				<ValDt>
					<Dt>2018-12-10</Dt>
				</ValDt>
				<AcctSvcrRef>CPH 18121089991-0000024</AcctSvcrRef>
				<BkTxCd>
					<Domn>
						<Cd>PMNT</Cd>
						<Fmly>
							<Cd>ICDT</Cd>
							<SubFmlyCd>ESCT</SubFmlyCd>
						</Fmly>
					</Domn>
					<Prtry>
						<Cd>TRF</Cd>
						<Issr>SWIFT</Issr>
					</Prtry>
				</BkTxCd>
				<NtryDtls>
					<TxDtls>
						<Refs>
							<MsgId>Invoice no. 250/1/1</MsgId>
							<AcctSvcrRef>STONCM01181210113209042398000001</AcctSvcrRef>
							<PmtInfId>Invoice no. 250/1/1</PmtInfId>
							<EndToEndId>NOTPROVIDED</EndToEndId>
						</Refs>
						<AmtDtls>
							<TxAmt>
								<Amt Ccy="EUR">171.00</Amt>
							</TxAmt>
						</AmtDtls>
						<RltdPties>
							<Dbtr>
								<Nm>TEST Customer</Nm>
							</Dbtr>
							<Cdtr>
								<Nm>Beneficiary</Nm>
							</Cdtr>
							<CdtrAcct>
								<Id>
									<IBAN>HR5555555555555555555</IBAN>
								</Id>
							</CdtrAcct>
						</RltdPties>
						<RltdAgts>
							<DbtrAgt>
								<FinInstnId>
									<Nm>Skandinaviska Enskilda Banken</Nm>
								</FinInstnId>
							</DbtrAgt>
							<CdtrAgt>
								<FinInstnId>
									<BIC>RZBHHR2XXXX</BIC>
								</FinInstnId>
							</CdtrAgt>
						</RltdAgts>
					</TxDtls>
				</NtryDtls>
				<AddtlNtryInf>STONCM0118121011</AddtlNtryInf>
			</Ntry>
			<Ntry>
				<NtryRef>CPH 18121091119-0000025</NtryRef>
				<Amt Ccy="EUR">2011920.00</Amt>
				<CdtDbtInd>CRDT</CdtDbtInd>
				<Sts>BOOK</Sts>
				<BookgDt>
					<Dt>2018-12-10</Dt>
				</BookgDt>
				<ValDt>
					<Dt>2018-12-10</Dt>
				</ValDt>
				<AcctSvcrRef>CPH 18121091119-0000025</AcctSvcrRef>
				<BkTxCd>
					<Domn>
						<Cd>PMNT</Cd>
						<Fmly>
							<Cd>RCDT</Cd>
							<SubFmlyCd>ESCT</SubFmlyCd>
						</Fmly>
					</Domn>
					<Prtry>
						<Cd>TRF</Cd>
						<Issr>SWIFT</Issr>
					</Prtry>
				</BkTxCd>
				<NtryDtls>
					<TxDtls>
						<Refs>
							<AcctSvcrRef>STOEQU77181210122855000002000001</AcctSvcrRef>
							<InstrId>002215T2510</InstrId>
							<EndToEndId>NOTPROVIDED</EndToEndId>
						</Refs>
						<AmtDtls>
							<TxAmt>
								<Amt Ccy="EUR">2011920.00</Amt>
							</TxAmt>
						</AmtDtls>
						<RltdPties>
							<Dbtr>
								<Nm>Debtor</Nm>
								<PstlAdr>
									<AdrLine>Line 1</AdrLine>
									<AdrLine>Line 2</AdrLine>
								</PstlAdr>
							</Dbtr>
							<Cdtr>
								<Nm>TEST Customer</Nm>
							</Cdtr>
						</RltdPties>
						<RltdAgts>
							<DbtrAgt>
								<FinInstnId>
									<BIC>BSCTCH22</BIC>
								</FinInstnId>
							</DbtrAgt>
							<CdtrAgt>
								<FinInstnId>
									<BIC>ESSEDKKK</BIC>
								</FinInstnId>
							</CdtrAgt>
						</RltdAgts>
						<RmtInf>
							<Ustrd>NGG</Ustrd>
						</RmtInf>
					</TxDtls>
				</NtryDtls>
				<AddtlNtryInf>157020350/1XXXXX</AddtlNtryInf>
			</Ntry>
			<Ntry>
				<NtryRef>CPH 18121093998-0000026</NtryRef>
				<Amt Ccy="EUR">140000.00</Amt>
				<CdtDbtInd>CRDT</CdtDbtInd>
				<Sts>BOOK</Sts>
				<BookgDt>
					<Dt>2018-12-10</Dt>
				</BookgDt>
				<ValDt>
					<Dt>2018-12-10</Dt>
				</ValDt>
				<AcctSvcrRef>CPH 18121093998-0000026</AcctSvcrRef>
				<BkTxCd>
					<Domn>
						<Cd>PMNT</Cd>
						<Fmly>
							<Cd>RCDT</Cd>
							<SubFmlyCd>XBCT</SubFmlyCd>
						</Fmly>
					</Domn>
					<Prtry>
						<Cd>TRF</Cd>
						<Issr>SWIFT</Issr>
					</Prtry>
				</BkTxCd>
				<NtryDtls>
					<TxDtls>
						<Refs>
							<AcctSvcrRef>CPHXMT01201812101436093998000001</AcctSvcrRef>
							<PmtInfId>A075318C10G101O0</PmtInfId>
						</Refs>
						<AmtDtls>
							<TxAmt>
								<Amt Ccy="EUR">140000.00</Amt>
							</TxAmt>
						</AmtDtls>
						<RltdPties>
							<Dbtr>
								<Nm>Debtor</Nm>
								<PstlAdr>
									<AdrLine>Line 1</AdrLine>
								</PstlAdr>
							</Dbtr>
							<Cdtr>
								<Nm>TEST Customer</Nm>
							</Cdtr>
						</RltdPties>
						<RltdAgts>
							<DbtrAgt>
								<FinInstnId>
									<BIC>ENIBBEBBXXX</BIC>
								</FinInstnId>
							</DbtrAgt>
							<CdtrAgt>
								<FinInstnId>
									<BIC>ESSEDKKKXXX</BIC>
								</FinInstnId>
							</CdtrAgt>
						</RltdAgts>
						<RmtInf>
							<Ustrd>MRG</Ustrd>
						</RmtInf>
					</TxDtls>
				</NtryDtls>
				<AddtlNtryInf>A075318C10G101O0</AddtlNtryInf>
			</Ntry>
			<Ntry>
				<NtryRef>CPH 18121095366-0000027</NtryRef>
				<Amt Ccy="EUR">7571703.13</Amt>
				<CdtDbtInd>CRDT</CdtDbtInd>
				<Sts>BOOK</Sts>
				<BookgDt>
					<Dt>2018-12-10</Dt>
				</BookgDt>
				<ValDt>
					<Dt>2018-12-10</Dt>
				</ValDt>
				<AcctSvcrRef>CPH 18121095366-0000027</AcctSvcrRef>
				<BkTxCd>
					<Domn>
						<Cd>PMNT</Cd>
						<Fmly>
							<Cd>RCDT</Cd>
							<SubFmlyCd>ESCT</SubFmlyCd>
						</Fmly>
					</Domn>
					<Prtry>
						<Cd>TRF</Cd>
						<Issr>SWIFT</Issr>
					</Prtry>
				</BkTxCd>
				<NtryDtls>
					<TxDtls>
						<Refs>
							<AcctSvcrRef>STOEQU71181210145825000001000001</AcctSvcrRef>
							<InstrId>0000023</InstrId>
							<EndToEndId>F1100000232018</EndToEndId>
						</Refs>
						<AmtDtls>
							<TxAmt>
								<Amt Ccy="EUR">7571703.13</Amt>
							</TxAmt>
						</AmtDtls>
						<RltdPties>
							<Dbtr>
								<Nm>Debtor</Nm>
								<PstlAdr>
									<AdrLine>Line 1</AdrLine>
								</PstlAdr>
							</Dbtr>
							<Cdtr>
								<Nm>TEST Customer</Nm>
							</Cdtr>
						</RltdPties>
						<RltdAgts>
							<DbtrAgt>
								<FinInstnId>
									<BIC>POSOIT22ROM</BIC>
								</FinInstnId>
							</DbtrAgt>
							<CdtrAgt>
								<FinInstnId>
									<BIC>ESSEDKKKXXX</BIC>
								</FinInstnId>
							</CdtrAgt>
						</RltdAgts>
						<RmtInf>
							<Ustrd>231</Ustrd>
						</RmtInf>
					</TxDtls>
				</NtryDtls>
				<AddtlNtryInf>VTP18344T0081226</AddtlNtryInf>
			</Ntry>
			<Ntry>
				<NtryRef>CPH 18121095379-0000028</NtryRef>
				<Amt Ccy="EUR">800000.00</Amt>
				<CdtDbtInd>CRDT</CdtDbtInd>
				<Sts>BOOK</Sts>
				<BookgDt>
					<Dt>2018-12-10</Dt>
				</BookgDt>
				<ValDt>
					<Dt>2018-12-10</Dt>
				</ValDt>
				<AcctSvcrRef>CPH 18121095379-0000028</AcctSvcrRef>
				<BkTxCd>
					<Domn>
						<Cd>PMNT</Cd>
						<Fmly>
							<Cd>RCDT</Cd>
							<SubFmlyCd>ESCT</SubFmlyCd>
						</Fmly>
					</Domn>
					<Prtry>
						<Cd>TRF</Cd>
						<Issr>SWIFT</Issr>
					</Prtry>
				</BkTxCd>
				<NtryDtls>
					<TxDtls>
						<Refs>
							<AcctSvcrRef>STOEQU67181210145823000022000001</AcctSvcrRef>
							<InstrId>8344K0504996596I0TP</InstrId>
							<EndToEndId>NOTPROVIDED</EndToEndId>
						</Refs>
						<AmtDtls>
							<TxAmt>
								<Amt Ccy="EUR">800000.00</Amt>
							</TxAmt>
						</AmtDtls>
						<RltdPties>
							<Dbtr>
								<Nm>Debtor</Nm>
							</Dbtr>
							<Cdtr>
								<Nm>TEST Customer</Nm>
							</Cdtr>
						</RltdPties>
						<RltdAgts>
							<DbtrAgt>
								<FinInstnId>
									<BIC>ABNCNL2A</BIC>
								</FinInstnId>
							</DbtrAgt>
							<CdtrAgt>
								<FinInstnId>
									<BIC>ESSEDKKKXXX</BIC>
								</FinInstnId>
							</CdtrAgt>
						</RltdAgts>
					</TxDtls>
				</NtryDtls>
				<AddtlNtryInf>299-938597</AddtlNtryInf>
			</Ntry>
			<Ntry>
				<NtryRef>CPH 18121095398-0000029</NtryRef>
				<Amt Ccy="EUR">82608.31</Amt>
				<CdtDbtInd>CRDT</CdtDbtInd>
				<Sts>BOOK</Sts>
				<BookgDt>
					<Dt>2018-12-10</Dt>
				</BookgDt>
				<ValDt>
					<Dt>2018-12-10</Dt>
				</ValDt>
				<AcctSvcrRef>CPH 18121095398-0000029</AcctSvcrRef>
				<BkTxCd>
					<Domn>
						<Cd>PMNT</Cd>
						<Fmly>
							<Cd>RCDT</Cd>
							<SubFmlyCd>ESCT</SubFmlyCd>
						</Fmly>
					</Domn>
					<Prtry>
						<Cd>TRF</Cd>
						<Issr>SWIFT</Issr>
					</Prtry>
				</BkTxCd>
				<NtryDtls>
					<TxDtls>
						<Refs>
							<AcctSvcrRef>STOEQU67181210145823000005000001</AcctSvcrRef>
							<InstrId>FBAWI18120493260</InstrId>
							<EndToEndId>30002000138222</EndToEndId>
						</Refs>
						<AmtDtls>
							<TxAmt>
								<Amt Ccy="EUR">82608.31</Amt>
							</TxAmt>
						</AmtDtls>
						<RltdPties>
							<Dbtr>
								<Nm>Debtor</Nm>
								<PstlAdr>
									<AdrLine>Line 1</AdrLine>
									<AdrLine>Line 2</AdrLine>
								</PstlAdr>
							</Dbtr>
							<Cdtr>
								<Nm>TEST Customer</Nm>
							</Cdtr>
						</RltdPties>
						<RltdAgts>
							<DbtrAgt>
								<FinInstnId>
									<BIC>OEKOATWWXXX</BIC>
								</FinInstnId>
							</DbtrAgt>
							<CdtrAgt>
								<FinInstnId>
									<BIC>ESSEDKKKXXX</BIC>
								</FinInstnId>
							</CdtrAgt>
						</RltdAgts>
						<RmtInf>
							<Ustrd>1144:    82.608,31  6.12.2018</Ustrd>
						</RmtInf>
					</TxDtls>
				</NtryDtls>
				<AddtlNtryInf>1000018121000000</AddtlNtryInf>
			</Ntry>
			<Ntry>
				<NtryRef>CPH 18121095399-0000030</NtryRef>
				<Amt Ccy="EUR">7358.40</Amt>
				<CdtDbtInd>CRDT</CdtDbtInd>
				<Sts>BOOK</Sts>
				<BookgDt>
					<Dt>2018-12-10</Dt>
				</BookgDt>
				<ValDt>
					<Dt>2018-12-10</Dt>
				</ValDt>
				<AcctSvcrRef>CPH 18121095399-0000030</AcctSvcrRef>
				<BkTxCd>
					<Domn>
						<Cd>PMNT</Cd>
						<Fmly>
							<Cd>RCDT</Cd>
							<SubFmlyCd>ESCT</SubFmlyCd>
						</Fmly>
					</Domn>
					<Prtry>
						<Cd>TRF</Cd>
						<Issr>SWIFT</Issr>
					</Prtry>
				</BkTxCd>
				<NtryDtls>
					<TxDtls>
						<Refs>
							<AcctSvcrRef>STOEQU67181210145823000006000001</AcctSvcrRef>
							<EndToEndId>NOTPROVIDED</EndToEndId>
						</Refs>
						<AmtDtls>
							<TxAmt>
								<Amt Ccy="EUR">7358.40</Amt>
							</TxAmt>
						</AmtDtls>
						<RltdPties>
							<Dbtr>
								<Nm>Debtor</Nm>
								<PstlAdr>
									<AdrLine>Line 1</AdrLine>
								</PstlAdr>
								<Id>
									<PrvtId>
										<Othr>
											<Id>0234-01234567</Id>
											<SchmeNm>
												<Cd>CUST</Cd>
											</SchmeNm>
										</Othr>
									</PrvtId>
								</Id>
							</Dbtr>
							<Cdtr>
								<Nm>TEST Customer</Nm>
							</Cdtr>
						</RltdPties>
						<RltdAgts>
							<DbtrAgt>
								<FinInstnId>
									<BIC>UBSWCHZH80A</BIC>
								</FinInstnId>
							</DbtrAgt>
							<CdtrAgt>
								<FinInstnId>
									<BIC>ESSEDKKK</BIC>
								</FinInstnId>
							</CdtrAgt>
						</RltdAgts>
						<RmtInf>
							<Ustrd>INVOICE AR023333</Ustrd>
						</RmtInf>
					</TxDtls>
				</NtryDtls>
				<AddtlNtryInf>ZD81344TI4186666</AddtlNtryInf>
			</Ntry>
		</Stmt>
	</BkToCstmrStmt>
</Document>
