<?xml version="1.0" encoding="UTF-8"?>
<Document xmlns:xsi="http://www.w3.org/2001/XMLSchema-instance" xmlns="urn:iso:std:iso:20022:tech:xsd:camt.052.001.02" xsi:schemaLocation="urn:iso:std:iso:20022:tech:xsd:camt.052.001.02 file:///C:/Users/s83113/Desktop/camt.052.001.02.xsd">
	<BkToCstmrAcctRpt>
		<GrpHdr>
			<MsgId>148738</MsgId>
			<CreDtTm>2020-07-02T07:02:09Z</CreDtTm>
			<MsgRcpt>
				<Id>
					<OrgId>
						<Othr>
							<Id>00331127800005</Id>
							<SchmeNm>
								<Cd>BANK</Cd>
							</SchmeNm>
						</Othr>
					</OrgId>
				</Id>
			</MsgRcpt>
			<AddtlInf>/ADHC/</AddtlInf>
		</GrpHdr>
		<Rpt>
			<Id>STOPIL65200702090203009903</Id>
			<ElctrncSeqNb>1406</ElctrncSeqNb>
			<LglSeqNb>1406</LglSeqNb>
			<CreDtTm>2020-07-02T00:00:01+02:00</CreDtTm>
			<Acct>
				<Id>
					<Othr>
						<Id>97500547821</Id>
						<SchmeNm>
							<Cd>BBAN</Cd>
						</SchmeNm>
					</Othr>
				</Id>
				<Ccy>NOK</Ccy>
				<Ownr>
					<Nm>Test customer</Nm>
					<Id>
						<OrgId>
							<Othr>
								<Id>00331127800005</Id>
								<SchmeNm>
									<Cd>BANK</Cd>
								</SchmeNm>
							</Othr>
						</OrgId>
					</Id>
				</Ownr>
				<Svcr>
					<FinInstnId>
						<BIC>ESSENOKXXXX</BIC>
					</FinInstnId>
				</Svcr>
			</Acct>
			<RltdAcct>
				<Id>
					<Othr>
						<Id>97500855749</Id>
						<SchmeNm>
							<Cd>BBAN</Cd>
						</SchmeNm>
					</Othr>
				</Id>
			</RltdAcct>
			<Bal>
				<Tp>
					<CdOrPrtry>
						<Cd>OPBD</Cd>
					</CdOrPrtry>
					<SubTp>
						<Cd>INTM</Cd>
					</SubTp>
				</Tp>
				<CdtLine>
					<Incl>false</Incl>
				</CdtLine>
				<Amt Ccy="NOK">106872.72</Amt>
				<CdtDbtInd>DBIT</CdtDbtInd>
				<Dt>
					<DtTm>2020-07-02T00:00:01+02:00</DtTm>
				</Dt>
			</Bal>
			<Bal>
				<Tp>
					<CdOrPrtry>
						<Cd>CLBD</Cd>
					</CdOrPrtry>
					<SubTp>
						<Cd>INTM</Cd>
					</SubTp>
				</Tp>
				<CdtLine>
					<Incl>false</Incl>
				</CdtLine>
				<Amt Ccy="NOK">212686.87</Amt>
				<CdtDbtInd>DBIT</CdtDbtInd>
				<Dt>
					<DtTm>2020-07-02T08:32:07+02:00</DtTm>
				</Dt>
			</Bal>
			<Bal>
				<Tp>
					<CdOrPrtry>
						<Cd>PRCD</Cd>
					</CdOrPrtry>
					<SubTp>
						<Cd>INTM</Cd>
					</SubTp>
				</Tp>
				<CdtLine>
					<Incl>false</Incl>
				</CdtLine>
				<Amt Ccy="NOK">106872.72</Amt>
				<CdtDbtInd>DBIT</CdtDbtInd>
				<Dt>
					<DtTm>2020-07-02T00:00:01+02:00</DtTm>
				</Dt>
			</Bal>
			<Bal>
				<Tp>
					<CdOrPrtry>
						<Cd>CLAV</Cd>
					</CdOrPrtry>
					<SubTp>
						<Cd>INTM</Cd>
					</SubTp>
				</Tp>
				<CdtLine>
					<Incl>false</Incl>
				</CdtLine>
				<Amt Ccy="NOK">212686.87</Amt>
				<CdtDbtInd>DBIT</CdtDbtInd>
				<Dt>
					<DtTm>2020-07-02T08:32:07+02:00</DtTm>
				</Dt>
			</Bal>
			<TxsSummry>
				<TtlDbtNtries>
					<NbOfNtries>3</NbOfNtries>
					<Sum>105814.15</Sum>
				</TtlDbtNtries>
			</TxsSummry>
			<Ntry>
				<NtryRef>OSL 20070234469-0000001</NtryRef>
				<Amt Ccy="NOK">1033.66</Amt>
				<CdtDbtInd>DBIT</CdtDbtInd>
				<Sts>BOOK</Sts>
				<BookgDt>
					<Dt>2020-07-02</Dt>
				</BookgDt>
				<ValDt>
					<Dt>2020-07-02</Dt>
				</ValDt>
				<AcctSvcrRef>OSL 20070234469-0000001</AcctSvcrRef>
				<BkTxCd>
					<Domn>
						<Cd>PMNT</Cd>
						<Fmly>
							<Cd>ICDT</Cd>
							<SubFmlyCd>ATXN</SubFmlyCd>
						</Fmly>
					</Domn>
					<Prtry>
						<Cd>TRF</Cd>
						<Issr>SWIFT</Issr>
					</Prtry>
				</BkTxCd>
				<NtryDtls>
					<TxDtls>
						<Refs>
							<AcctSvcrRef>STONCM01200702082217053288000001</AcctSvcrRef>
							<PmtInfId>NO0008000155</PmtInfId>
						</Refs>
						<AmtDtls>
							<TxAmt>
								<Amt Ccy="NOK">1033.66</Amt>
							</TxAmt>
						</AmtDtls>
						<RltdPties>
							<Dbtr>
								<Nm>Test company AB</Nm>
							</Dbtr>
							<Cdtr>
								<Nm>Company AB</Nm>
							</Cdtr>
							<CdtrAcct>
								<Id>
									<Othr>
										<Id>98884500002</Id>
										<SchmeNm>
											<Cd>BBAN</Cd>
										</SchmeNm>
									</Othr>
								</Id>
							</CdtrAcct>
						</RltdPties>
						<RltdAgts>
							<DbtrAgt>
								<FinInstnId>
									<Nm>Skandinaviska Enskilda Banken</Nm>
								</FinInstnId>
							</DbtrAgt>
						</RltdAgts>
					</TxDtls>
				</NtryDtls>
				<AddtlNtryInf>0702099917053288</AddtlNtryInf>
			</Ntry>
			<Ntry>
				<NtryRef>OSL 20070234470-0000002</NtryRef>
				<Amt Ccy="NOK">102607.89</Amt>
				<CdtDbtInd>DBIT</CdtDbtInd>
				<Sts>BOOK</Sts>
				<BookgDt>
					<Dt>2020-07-02</Dt>
				</BookgDt>
				<ValDt>
					<Dt>2020-07-02</Dt>
				</ValDt>
				<AcctSvcrRef>OSL 20070234470-0000002</AcctSvcrRef>
				<BkTxCd>
					<Domn>
						<Cd>PMNT</Cd>
						<Fmly>
							<Cd>ICDT</Cd>
							<SubFmlyCd>ATXN</SubFmlyCd>
						</Fmly>
					</Domn>
					<Prtry>
						<Cd>TRF</Cd>
						<Issr>SWIFT</Issr>
					</Prtry>
				</BkTxCd>
				<NtryDtls>
					<TxDtls>
						<Refs>
							<AcctSvcrRef>STONCM01200702082217053289000001</AcctSvcrRef>
							<PmtInfId>NO0008000379</PmtInfId>
						</Refs>
						<AmtDtls>
							<TxAmt>
								<Amt Ccy="NOK">102607.89</Amt>
							</TxAmt>
						</AmtDtls>
						<RltdPties>
							<Dbtr>
								<Nm>Test customer AB</Nm>
							</Dbtr>
							<Cdtr>
								<Nm>Company B</Nm>
							</Cdtr>
							<CdtrAcct>
								<Id>
									<Othr>
										<Id>88855500007</Id>
										<SchmeNm>
											<Cd>BBAN</Cd>
										</SchmeNm>
									</Othr>
								</Id>
							</CdtrAcct>
						</RltdPties>
						<RltdAgts>
							<DbtrAgt>
								<FinInstnId>
									<Nm>Skandinaviska Enskilda Banken</Nm>
								</FinInstnId>
							</DbtrAgt>
						</RltdAgts>
					</TxDtls>
				</NtryDtls>
				<AddtlNtryInf>0702082217999289</AddtlNtryInf>
			</Ntry>
			<Ntry>
				<NtryRef>OSL 20070234471-0000003</NtryRef>
				<Amt Ccy="NOK">2172.60</Amt>
				<CdtDbtInd>DBIT</CdtDbtInd>
				<Sts>BOOK</Sts>
				<BookgDt>
					<Dt>2020-07-02</Dt>
				</BookgDt>
				<ValDt>
					<Dt>2020-07-02</Dt>
				</ValDt>
				<AcctSvcrRef>OSL 20070234471-0000003</AcctSvcrRef>
				<BkTxCd>
					<Domn>
						<Cd>PMNT</Cd>
						<Fmly>
							<Cd>ICDT</Cd>
							<SubFmlyCd>ATXN</SubFmlyCd>
						</Fmly>
					</Domn>
					<Prtry>
						<Cd>TRF</Cd>
						<Issr>SWIFT</Issr>
					</Prtry>
				</BkTxCd>
				<NtryDtls>
					<TxDtls>
						<Refs>
							<AcctSvcrRef>STONCM01200702082217053290000001</AcctSvcrRef>
							<PmtInfId>NO0010735129</PmtInfId>
						</Refs>
						<AmtDtls>
							<TxAmt>
								<Amt Ccy="NOK">2172.60</Amt>
							</TxAmt>
						</AmtDtls>
						<RltdPties>
							<Dbtr>
								<Nm>Test customer AB</Nm>
							</Dbtr>
							<Cdtr>
								<Nm>Company C</Nm>
							</Cdtr>
							<CdtrAcct>
								<Id>
									<Othr>
										<Id>96861854796</Id>
										<SchmeNm>
											<Cd>BBAN</Cd>
										</SchmeNm>
									</Othr>
								</Id>
							</CdtrAcct>
						</RltdPties>
						<RltdAgts>
							<DbtrAgt>
								<FinInstnId>
									<Nm>Skandinaviska Enskilda Banken</Nm>
								</FinInstnId>
							</DbtrAgt>
						</RltdAgts>
					</TxDtls>
				</NtryDtls>
				<AddtlNtryInf>0702082217053290</AddtlNtryInf>
			</Ntry>
		</Rpt>
	</BkToCstmrAcctRpt>
</Document>
