<?xml version="1.0" encoding="UTF-8"?>
<Document xmlns="urn:iso:std:iso:20022:tech:xsd:camt.054.001.02" xmlns:xsi="http://www.w3.org/2001/XMLSchema-instance" xsi:schemaLocation="urn:iso:std:iso:20022:tech:xsd:camt.054.001.02 file:///C:/Users/s90251/Desktop/files/Template/camt.054.001.02.xsd">
	<BkToCstmrDbtCdtNtfctn>
		<GrpHdr>
			<MsgId>3058888</MsgId>
			<CreDtTm>2018-12-05T06:03:35+01:00</CreDtTm>
			<MsgRcpt>
				<Id>
					<OrgId>
						<Othr>
							<Id>00331127800005</Id>
							<SchmeNm>
								<Cd>BANK</Cd>
							</SchmeNm>
						</Othr>
					</OrgId>
				</Id>
			</MsgRcpt>
			<AddtlInf>/CRED/</AddtlInf>
		</GrpHdr>
		<Ntfctn>
			<Id>STOIID25181205060141000013</Id>
			<CreDtTm>2018-12-05T06:01:41</CreDtTm>
			<Acct>
				<Id>
					<Othr>
						<Id>97501521764</Id>
						<SchmeNm>
							<Cd>BBAN</Cd>
						</SchmeNm>
					</Othr>
				</Id>
				<Ccy>NOK</Ccy>
				<Ownr>
					<Nm>TEST Customer</Nm>
					<Id>
						<OrgId>
							<Othr>
								<Id>00331127800005</Id>
								<SchmeNm>
									<Cd>BANK</Cd>
								</SchmeNm>
							</Othr>
						</OrgId>
					</Id>
				</Ownr>
				<Svcr>
					<FinInstnId>
						<BIC>ESSENOKXXXX</BIC>
					</FinInstnId>
				</Svcr>
			</Acct>
			<RltdAcct>
				<Id>
					<Othr>
						<Id>97501510169</Id>
						<SchmeNm>
							<Cd>BBAN</Cd>
						</SchmeNm>
					</Othr>
				</Id>
			</RltdAcct>
			<TxsSummry>
				<TtlCdtNtries>
					<NbOfNtries>1</NbOfNtries>
					<Sum>27361</Sum>
				</TtlCdtNtries>
			</TxsSummry>
			<Ntry>
				<NtryRef>OSL 18120512251-0000001</NtryRef>
				<Amt Ccy="NOK">27361.00</Amt>
				<CdtDbtInd>CRDT</CdtDbtInd>
				<Sts>BOOK</Sts>
				<BookgDt>
					<Dt>2018-12-05</Dt>
				</BookgDt>
				<ValDt>
					<Dt>2018-12-05</Dt>
				</ValDt>
				<AcctSvcrRef>OSL 18120512251-0000001</AcctSvcrRef>
				<BkTxCd>
					<Domn>
						<Cd>PMNT</Cd>
						<Fmly>
							<Cd>RCDT</Cd>
							<SubFmlyCd>ATXN</SubFmlyCd>
						</Fmly>
					</Domn>
					<Prtry>
						<Cd>TRF</Cd>
						<Issr>SWIFT</Issr>
					</Prtry>
				</BkTxCd>
				<NtryDtls>
					<TxDtls>
						<Refs>
							<MsgId>41626666666</MsgId>
							<AcctSvcrRef>OSLXMT01201812050542012251000001</AcctSvcrRef>
						</Refs>
						<AmtDtls>
							<TxAmt>
								<Amt Ccy="NOK">27361.00</Amt>
							</TxAmt>
						</AmtDtls>
						<RltdPties>
							<Dbtr>
								<Nm>Debtor</Nm>
								<PstlAdr>
									<AdrLine>Line 1</AdrLine>
									<AdrLine>Line 2</AdrLine>
								</PstlAdr>
							</Dbtr>
							<DbtrAcct>
								<Id>
									<Othr>
										<Id>60210766666</Id>
										<SchmeNm>
											<Cd>BBAN</Cd>
										</SchmeNm>
									</Othr>
								</Id>
							</DbtrAcct>
							<Cdtr>
								<Nm>TEST Customer</Nm>
							</Cdtr>
						</RltdPties>
						<RltdAgts>
							<DbtrAgt>
								<FinInstnId>
									<BIC>ESSENOKXXXX</BIC>
								</FinInstnId>
							</DbtrAgt>
						</RltdAgts>
						<RmtInf>
							<Strd>
								<RfrdDocAmt>
									<RmtdAmt Ccy="NOK">20155.00</RmtdAmt>
								</RfrdDocAmt>
								<CdtrRefInf>
									<Tp>
										<CdOrPrtry>
											<Cd>SCOR</Cd>
										</CdOrPrtry>
									</Tp>
									<Ref>8239996</Ref>
								</CdtrRefInf>
							</Strd>
							<Strd>
								<RfrdDocInf>
									<Tp>
										<CdOrPrtry>
											<Cd>CINV</Cd>
										</CdOrPrtry>
									</Tp>
									<Nb>8239901</Nb>
								</RfrdDocInf>
								<RfrdDocAmt>
									<RmtdAmt Ccy="NOK">7968.00</RmtdAmt>
								</RfrdDocAmt>
							</Strd>
							<Strd>
								<RfrdDocInf>
									<Tp>
										<CdOrPrtry>
											<Cd>CINV</Cd>
										</CdOrPrtry>
									</Tp>
									<Nb>8235550</Nb>
								</RfrdDocInf>
								<RfrdDocAmt>
									<RmtdAmt Ccy="NOK">5853.00</RmtdAmt>
								</RfrdDocAmt>
							</Strd>
							<Strd>
								<RfrdDocInf>
									<Tp>
										<CdOrPrtry>
											<Cd>CINV</Cd>
										</CdOrPrtry>
									</Tp>
									<Nb>8229998</Nb>
								</RfrdDocInf>
								<RfrdDocAmt>
									<RmtdAmt Ccy="NOK">2524.00</RmtdAmt>
								</RfrdDocAmt>
							</Strd>
							<Strd>
								<RfrdDocInf>
									<Tp>
										<CdOrPrtry>
											<Cd>CREN</Cd>
										</CdOrPrtry>
									</Tp>
									<Nb>8232222</Nb>
								</RfrdDocInf>
								<RfrdDocAmt>
									<CdtNoteAmt Ccy="NOK">9139.00</CdtNoteAmt>
								</RfrdDocAmt>
							</Strd>
						</RmtInf>
					</TxDtls>
				</NtryDtls>
				<AddtlNtryInf>41626666676</AddtlNtryInf>
			</Ntry>
		</Ntfctn>
	</BkToCstmrDbtCdtNtfctn>
</Document>
