<?xml version="1.0" encoding="UTF-8"?>
<Document xmlns:xsi="http://www.w3.org/2001/XMLSchema-instance" xmlns="urn:iso:std:iso:20022:tech:xsd:camt.052.001.02" xsi:schemaLocation="urn:iso:std:iso:20022:tech:xsd:camt.052.001.02 file:///C:/Users/s83113/Desktop/camt.052.001.02.xsd">
	<BkToCstmrAcctRpt>
		<GrpHdr>
			<MsgId>147474</MsgId>
			<CreDtTm>2020-07-01T23:04:40Z</CreDtTm>
			<MsgRcpt>
				<Id>
					<OrgId>
						<Othr>
							<Id>00331127800005</Id>
							<SchmeNm>
								<Cd>BANK</Cd>
							</SchmeNm>
						</Othr>
					</OrgId>
				</Id>
			</MsgRcpt>
			<AddtlInf>/MIXD/</AddtlInf>
		</GrpHdr>
		<Rpt>
			<Id>STOPIL25200702010435000027</Id>
			<ElctrncSeqNb>1404</ElctrncSeqNb>
			<LglSeqNb>1404</LglSeqNb>
			<CreDtTm>2020-07-02T00:00:00+02:00</CreDtTm>
			<Acct>
				<Id>
					<Othr>
						<Id>54401060156</Id>
						<SchmeNm>
							<Cd>BBAN</Cd>
						</SchmeNm>
					</Othr>
				</Id>
				<Ccy>SEK</Ccy>
				<Ownr>
					<Nm>Test customer AB</Nm>
					<Id>
						<OrgId>
							<Othr>
								<Id>00331127800005</Id>
								<SchmeNm>
									<Cd>BANK</Cd>
								</SchmeNm>
							</Othr>
						</OrgId>
					</Id>
				</Ownr>
				<Svcr>
					<FinInstnId>
						<BIC>ESSESESSXXX</BIC>
					</FinInstnId>
				</Svcr>
			</Acct>
			<RltdAcct>
				<Id>
					<Othr>
						<Id>52018263137</Id>
						<SchmeNm>
							<Cd>BBAN</Cd>
						</SchmeNm>
					</Othr>
				</Id>
			</RltdAcct>
			<Bal>
				<Tp>
					<CdOrPrtry>
						<Cd>PRCD</Cd>
					</CdOrPrtry>
					<SubTp>
						<Cd>INTM</Cd>
					</SubTp>
				</Tp>
				<CdtLine>
					<Incl>false</Incl>
				</CdtLine>
				<Amt Ccy="SEK">3060157862.69</Amt>
				<CdtDbtInd>CRDT</CdtDbtInd>
				<Dt>
					<DtTm>2020-07-01T14:25:38+02:00</DtTm>
				</Dt>
			</Bal>
			<Bal>
				<Tp>
					<CdOrPrtry>
						<Cd>CLBD</Cd>
					</CdOrPrtry>
					<SubTp>
						<Cd>INTM</Cd>
					</SubTp>
				</Tp>
				<CdtLine>
					<Incl>false</Incl>
				</CdtLine>
				<Amt Ccy="SEK">3060157862.69</Amt>
				<CdtDbtInd>CRDT</CdtDbtInd>
				<Dt>
					<DtTm>2020-07-02T00:00:00+02:00</DtTm>
				</Dt>
			</Bal>
			<Bal>
				<Tp>
					<CdOrPrtry>
						<Cd>OPBD</Cd>
					</CdOrPrtry>
				</Tp>
				<CdtLine>
					<Incl>false</Incl>
				</CdtLine>
				<Amt Ccy="SEK">3060157862.69</Amt>
				<CdtDbtInd>CRDT</CdtDbtInd>
				<Dt>
					<DtTm>2020-07-02T00:00:00+02:00</DtTm>
				</Dt>
			</Bal>
			<Bal>
				<Tp>
					<CdOrPrtry>
						<Cd>XPCD</Cd>
					</CdOrPrtry>
					<SubTp>
						<Cd>INTM</Cd>
					</SubTp>
				</Tp>
				<CdtLine>
					<Incl>false</Incl>
				</CdtLine>
				<Amt Ccy="SEK">3060157862.69</Amt>
				<CdtDbtInd>CRDT</CdtDbtInd>
				<Dt>
					<DtTm>2020-07-02T00:00:00+02:00</DtTm>
				</Dt>
			</Bal>
			<TxsSummry>
				<TtlCdtNtries>
					<NbOfNtries>2</NbOfNtries>
					<Sum>80683.03</Sum>
				</TtlCdtNtries>
				<TtlDbtNtries>
					<NbOfNtries>2</NbOfNtries>
					<Sum>1991950.24</Sum>
				</TtlDbtNtries>
			</TxsSummry>
			<Ntry>
				<NtryRef>H01423314667-0676347</NtryRef>
				<Amt Ccy="SEK">75333.95</Amt>
				<CdtDbtInd>CRDT</CdtDbtInd>
				<Sts>BOOK</Sts>
				<BookgDt>
					<Dt>2020-07-01</Dt>
				</BookgDt>
				<ValDt>
					<Dt>2020-07-01</Dt>
				</ValDt>
				<AcctSvcrRef>STOI556510153530676347</AcctSvcrRef>
				<BkTxCd>
					<Domn>
						<Cd>PMNT</Cd>
						<Fmly>
							<Cd>RCDT</Cd>
							<SubFmlyCd>XBCT</SubFmlyCd>
						</Fmly>
					</Domn>
					<Prtry>
						<Cd>TRF</Cd>
						<Issr>SWIFT</Issr>
					</Prtry>
				</BkTxCd>
				<NtryDtls>
					<TxDtls>
						<Refs>
							<AcctSvcrRef>STOIIQ0I202007010956003628000001</AcctSvcrRef>
							<InstrId>H01423314667</InstrId>
							<EndToEndId>CL20070100733000</EndToEndId>
						</Refs>
						<AmtDtls>
							<TxAmt>
								<Amt Ccy="SEK">75333.95</Amt>
							</TxAmt>
						</AmtDtls>
						<RltdPties>
							<Dbtr>
								<Nm>Company D</Nm>
							</Dbtr>
						</RltdPties>
						<RltdAgts>
							<DbtrAgt>
								<FinInstnId>
									<Nm>SVENSKA HANDELSBANKEN AB (PUBL.)</Nm>
								</FinInstnId>
							</DbtrAgt>
							<CdtrAgt>
								<FinInstnId>
									<BIC>ESSESESS</BIC>
								</FinInstnId>
							</CdtrAgt>
						</RltdAgts>
						<RmtInf>
							<Ustrd>Remitance information</Ustrd>
						</RmtInf>
					</TxDtls>
				</NtryDtls>
			</Ntry>
			<Ntry>
				<NtryRef>H01423314701-0676349</NtryRef>
				<Amt Ccy="SEK">5349.08</Amt>
				<CdtDbtInd>CRDT</CdtDbtInd>
				<Sts>BOOK</Sts>
				<BookgDt>
					<Dt>2020-07-01</Dt>
				</BookgDt>
				<ValDt>
					<Dt>2020-07-01</Dt>
				</ValDt>
				<AcctSvcrRef>STOI556510153530676349</AcctSvcrRef>
				<BkTxCd>
					<Domn>
						<Cd>PMNT</Cd>
						<Fmly>
							<Cd>RCDT</Cd>
							<SubFmlyCd>XBCT</SubFmlyCd>
						</Fmly>
					</Domn>
					<Prtry>
						<Cd>TRF</Cd>
						<Issr>SWIFT</Issr>
					</Prtry>
				</BkTxCd>
				<NtryDtls>
					<TxDtls>
						<Refs>
							<AcctSvcrRef>STOIIQ0I202007010956005750000001</AcctSvcrRef>
							<InstrId>H01423314701</InstrId>
							<EndToEndId>CL20070100731000</EndToEndId>
						</Refs>
						<AmtDtls>
							<TxAmt>
								<Amt Ccy="SEK">5349.08</Amt>
							</TxAmt>
						</AmtDtls>
						<RltdPties>
							<Dbtr>
								<Nm>Company E</Nm>
							</Dbtr>
						</RltdPties>
						<RltdAgts>
							<DbtrAgt>
								<FinInstnId>
									<Nm>SVENSKA HANDELSBANKEN AB (PUBL.)</Nm>
								</FinInstnId>
							</DbtrAgt>
							<CdtrAgt>
								<FinInstnId>
									<BIC>ESSESESS</BIC>
								</FinInstnId>
							</CdtrAgt>
						</RltdAgts>
						<RmtInf>
							<Ustrd>Remitance information</Ustrd>
						</RmtInf>
					</TxDtls>
				</NtryDtls>
			</Ntry>
			<Ntry>
				<NtryRef>301833946747-0676373</NtryRef>
				<Amt Ccy="SEK">329077.67</Amt>
				<CdtDbtInd>DBIT</CdtDbtInd>
				<Sts>BOOK</Sts>
				<BookgDt>
					<Dt>2020-07-01</Dt>
				</BookgDt>
				<ValDt>
					<Dt>2020-07-01</Dt>
				</ValDt>
				<AcctSvcrRef>STOI556510153530676373</AcctSvcrRef>
				<BkTxCd>
					<Domn>
						<Cd>PMNT</Cd>
						<Fmly>
							<Cd>ICCN</Cd>
							<SubFmlyCd>ICCT</SubFmlyCd>
						</Fmly>
					</Domn>
					<Prtry>
						<Cd>TRF</Cd>
						<Issr>SWIFT</Issr>
					</Prtry>
				</BkTxCd>
				<NtryDtls>
					<TxDtls>
						<Refs>
							<AcctSvcrRef>STONCM01200701103252093588000001</AcctSvcrRef>
							<PmtInfId>BINTFXS086150</PmtInfId>
							<InstrId>301833946747</InstrId>
						</Refs>
						<AmtDtls>
							<TxAmt>
								<Amt Ccy="SEK">329077.67</Amt>
							</TxAmt>
						</AmtDtls>
						<RltdPties>
							<Dbtr>
								<Nm>Test customer AB</Nm>
							</Dbtr>
							<CdtrAcct>
								<Id>
									<Othr>
										<Id>57896321478</Id>
										<SchmeNm>
											<Cd>BBAN</Cd>
										</SchmeNm>
									</Othr>
								</Id>
							</CdtrAcct>
						</RltdPties>
						<RltdAgts>
							<DbtrAgt>
								<FinInstnId>
									<Nm>Skandinaviska Enskilda Banken</Nm>
								</FinInstnId>
							</DbtrAgt>
							<CdtrAgt>
								<FinInstnId>
									<BIC>ESSESESS</BIC>
								</FinInstnId>
							</CdtrAgt>
						</RltdAgts>
					</TxDtls>
				</NtryDtls>
				<AddtlNtryInf>STOI556510153530676373-0676373</AddtlNtryInf>
			</Ntry>
			<Ntry>
				<NtryRef>301833946764-0676375</NtryRef>
				<Amt Ccy="SEK">1662872.57</Amt>
				<CdtDbtInd>DBIT</CdtDbtInd>
				<Sts>BOOK</Sts>
				<BookgDt>
					<Dt>2020-07-01</Dt>
				</BookgDt>
				<ValDt>
					<Dt>2020-07-01</Dt>
				</ValDt>
				<AcctSvcrRef>STOI556510153530676375</AcctSvcrRef>
				<BkTxCd>
					<Domn>
						<Cd>PMNT</Cd>
						<Fmly>
							<Cd>ICCN</Cd>
							<SubFmlyCd>ICCT</SubFmlyCd>
						</Fmly>
					</Domn>
					<Prtry>
						<Cd>TRF</Cd>
						<Issr>SWIFT</Issr>
					</Prtry>
				</BkTxCd>
				<NtryDtls>
					<TxDtls>
						<Refs>
							<AcctSvcrRef>STONCM01200701103252093589000001</AcctSvcrRef>
							<PmtInfId>BINTFXS086151</PmtInfId>
							<InstrId>301833946764</InstrId>
						</Refs>
						<AmtDtls>
							<TxAmt>
								<Amt Ccy="SEK">1662872.57</Amt>
							</TxAmt>
						</AmtDtls>
						<RltdPties>
							<Dbtr>
								<Nm>Test customer AB</Nm>
							</Dbtr>
							<CdtrAcct>
								<Id>
									<Othr>
										<Id>55658741236</Id>
										<SchmeNm>
											<Cd>BBAN</Cd>
										</SchmeNm>
									</Othr>
								</Id>
							</CdtrAcct>
						</RltdPties>
						<RltdAgts>
							<DbtrAgt>
								<FinInstnId>
									<Nm>Skandinaviska Enskilda Banken</Nm>
								</FinInstnId>
							</DbtrAgt>
							<CdtrAgt>
								<FinInstnId>
									<BIC>ESSESESS</BIC>
								</FinInstnId>
							</CdtrAgt>
						</RltdAgts>
					</TxDtls>
				</NtryDtls>
				<AddtlNtryInf>STOI556510153530676375-0676375</AddtlNtryInf>
			</Ntry>
		</Rpt>
		<Rpt>
			<Id>STOPIL25200702010436000001</Id>
			<ElctrncSeqNb>1404</ElctrncSeqNb>
			<LglSeqNb>1404</LglSeqNb>
			<CreDtTm>2020-07-02T00:00:00+02:00</CreDtTm>
			<Acct>
				<Id>
					<Othr>
						<Id>52018263153</Id>
						<SchmeNm>
							<Cd>BBAN</Cd>
						</SchmeNm>
					</Othr>
				</Id>
				<Ccy>SEK</Ccy>
				<Ownr>
					<Nm>Test customer AB</Nm>
					<Id>
						<OrgId>
							<Othr>
								<Id>00331127800005</Id>
								<SchmeNm>
									<Cd>BANK</Cd>
								</SchmeNm>
							</Othr>
						</OrgId>
					</Id>
				</Ownr>
				<Svcr>
					<FinInstnId>
						<BIC>ESSESESSXXX</BIC>
					</FinInstnId>
				</Svcr>
			</Acct>
			<RltdAcct>
				<Id>
					<Othr>
						<Id>54718203430</Id>
						<SchmeNm>
							<Cd>BBAN</Cd>
						</SchmeNm>
					</Othr>
				</Id>
			</RltdAcct>
			<Bal>
				<Tp>
					<CdOrPrtry>
						<Cd>PRCD</Cd>
					</CdOrPrtry>
					<SubTp>
						<Cd>INTM</Cd>
					</SubTp>
				</Tp>
				<CdtLine>
					<Incl>false</Incl>
				</CdtLine>
				<Amt Ccy="SEK">35063384.73</Amt>
				<CdtDbtInd>CRDT</CdtDbtInd>
				<Dt>
					<DtTm>2020-07-01T15:25:43+02:00</DtTm>
				</Dt>
			</Bal>
			<Bal>
				<Tp>
					<CdOrPrtry>
						<Cd>CLBD</Cd>
					</CdOrPrtry>
					<SubTp>
						<Cd>INTM</Cd>
					</SubTp>
				</Tp>
				<CdtLine>
					<Incl>false</Incl>
				</CdtLine>
				<Amt Ccy="SEK">35063384.73</Amt>
				<CdtDbtInd>CRDT</CdtDbtInd>
				<Dt>
					<DtTm>2020-07-02T00:00:00+02:00</DtTm>
				</Dt>
			</Bal>
			<Bal>
				<Tp>
					<CdOrPrtry>
						<Cd>OPBD</Cd>
					</CdOrPrtry>
				</Tp>
				<CdtLine>
					<Incl>false</Incl>
				</CdtLine>
				<Amt Ccy="SEK">35063384.73</Amt>
				<CdtDbtInd>CRDT</CdtDbtInd>
				<Dt>
					<DtTm>2020-07-02T00:00:00+02:00</DtTm>
				</Dt>
			</Bal>
			<Bal>
				<Tp>
					<CdOrPrtry>
						<Cd>CLAV</Cd>
					</CdOrPrtry>
					<SubTp>
						<Cd>INTM</Cd>
					</SubTp>
				</Tp>
				<CdtLine>
					<Incl>false</Incl>
				</CdtLine>
				<Amt Ccy="SEK">35063384.73</Amt>
				<CdtDbtInd>CRDT</CdtDbtInd>
				<Dt>
					<DtTm>2020-07-02T00:00:00+02:00</DtTm>
				</Dt>
			</Bal>
		</Rpt>
	</BkToCstmrAcctRpt>
</Document>
