<?xml version="1.0" encoding="UTF-8"?>
<Document xmlns="urn:iso:std:iso:20022:tech:xsd:camt.053.001.02" xmlns:xsi="http://www.w3.org/2001/XMLSchema-instance" xsi:schemaLocation="urn:iso:std:iso:20022:tech:xsd:camt.053.001.02 file:///C:/Users/s90251/Desktop/files/Template/camt.053.001.02.xsd">
	<BkToCstmrStmt>
		<GrpHdr>
			<MsgId>3267149</MsgId>
			<CreDtTm>2019-01-11T04:16:02+01:00</CreDtTm>
			<MsgRcpt>
				<Id>
					<OrgId>
						<Othr>
							<Id>00331127800005</Id>
							<SchmeNm>
								<Cd>BANK</Cd>
							</SchmeNm>
						</Othr>
					</OrgId>
				</Id>
			</MsgRcpt>
		</GrpHdr>
		<Stmt>
			<Id>STOIID45190111040806000001</Id>
			<ElctrncSeqNb>7</ElctrncSeqNb>
			<LglSeqNb>7</LglSeqNb>
			<CreDtTm>2019-01-11T04:08:05+01:00</CreDtTm>
			<FrToDt>
				<FrDtTm>2019-01-10T00:00:01+01:00</FrDtTm>
				<ToDtTm>2019-01-10T23:59:59+01:00</ToDtTm>
			</FrToDt>
			<Acct>
				<Id>
					<IBAN>PL21237000080000000020257035</IBAN>
				</Id>
				<Ccy>PLN</Ccy>
				<Ownr>
					<Nm>TEST Customer</Nm>
					<Id>
						<OrgId>
							<Othr>
								<Id>00331127800005</Id>
								<SchmeNm>
									<Cd>BANK</Cd>
								</SchmeNm>
							</Othr>
						</OrgId>
					</Id>
				</Ownr>
				<Svcr>
					<FinInstnId>
						<BIC>ESSEPLPWXXX</BIC>
					</FinInstnId>
				</Svcr>
			</Acct>
			<Intrst>
				<Tp>
					<Cd>OVRN</Cd>
				</Tp>
				<Rate>
					<Tp>
						<Pctg>0.98</Pctg>
					</Tp>
					<VldtyRg>
						<Amt>
							<FrAmt>
								<BdryAmt>0.00</BdryAmt>
								<Incl>false</Incl>
							</FrAmt>
						</Amt>
						<CdtDbtInd>CRDT</CdtDbtInd>
						<Ccy>PLN</Ccy>
					</VldtyRg>
				</Rate>
			</Intrst>
			<Intrst>
				<Tp>
					<Cd>OVRN</Cd>
				</Tp>
				<Rate>
					<Tp>
						<Pctg>10.48</Pctg>
					</Tp>
					<VldtyRg>
						<Amt>
							<FrAmt>
								<BdryAmt>0.00</BdryAmt>
								<Incl>false</Incl>
							</FrAmt>
						</Amt>
						<CdtDbtInd>DBIT</CdtDbtInd>
						<Ccy>PLN</Ccy>
					</VldtyRg>
				</Rate>
			</Intrst>
			<Bal>
				<Tp>
					<CdOrPrtry>
						<Cd>OPBD</Cd>
					</CdOrPrtry>
				</Tp>
				<Amt Ccy="PLN">0.00</Amt>
				<CdtDbtInd>CRDT</CdtDbtInd>
				<Dt>
					<Dt>2019-01-10</Dt>
				</Dt>
			</Bal>
			<Bal>
				<Tp>
					<CdOrPrtry>
						<Cd>CLBD</Cd>
					</CdOrPrtry>
				</Tp>
				<CdtLine>
					<Incl>false</Incl>
				</CdtLine>
				<Amt Ccy="PLN">0.00</Amt>
				<CdtDbtInd>CRDT</CdtDbtInd>
				<Dt>
					<Dt>2019-01-10</Dt>
				</Dt>
			</Bal>
			<Bal>
				<Tp>
					<CdOrPrtry>
						<Cd>CLAV</Cd>
					</CdOrPrtry>
				</Tp>
				<CdtLine>
					<Incl>false</Incl>
				</CdtLine>
				<Amt Ccy="PLN">0.00</Amt>
				<CdtDbtInd>CRDT</CdtDbtInd>
				<Dt>
					<Dt>2019-01-10</Dt>
				</Dt>
			</Bal>
			<TxsSummry>
				<TtlCdtNtries>
					<NbOfNtries>11</NbOfNtries>
					<Sum>94215.22</Sum>
				</TtlCdtNtries>
				<TtlDbtNtries>
					<NbOfNtries>5</NbOfNtries>
					<Sum>94215.22</Sum>
				</TtlDbtNtries>
			</TxsSummry>
			<Ntry>
				<NtryRef>WAR 19011003791-0000001</NtryRef>
				<Amt Ccy="PLN">1242.79</Amt>
				<CdtDbtInd>CRDT</CdtDbtInd>
				<Sts>BOOK</Sts>
				<BookgDt>
					<Dt>2019-01-10</Dt>
				</BookgDt>
				<ValDt>
					<Dt>2019-01-10</Dt>
				</ValDt>
				<AcctSvcrRef>WAR 19011003791-0000001</AcctSvcrRef>
				<BkTxCd>
					<Domn>
						<Cd>PMNT</Cd>
						<Fmly>
							<Cd>RCDT</Cd>
							<SubFmlyCd>ATXN</SubFmlyCd>
						</Fmly>
					</Domn>
					<Prtry>
						<Cd>TRF</Cd>
						<Issr>SWIFT</Issr>
					</Prtry>
				</BkTxCd>
				<NtryDtls>
					<TxDtls>
						<Refs>
							<AcctSvcrRef>WARXMT01201901101006003791000001</AcctSvcrRef>
						</Refs>
						<AmtDtls>
							<TxAmt>
								<Amt Ccy="PLN">1242.79</Amt>
							</TxAmt>
						</AmtDtls>
						<RltdPties>
							<Dbtr>
								<Nm>Debtor</Nm>
								<PstlAdr>
									<AdrLine>Line 1</AdrLine>
								</PstlAdr>
							</Dbtr>
							<Cdtr>
								<Nm>TEST Customer</Nm>
							</Cdtr>
						</RltdPties>
						<RltdAgts>
							<CdtrAgt>
								<FinInstnId>
									<BIC>ESSEPLPWXXX</BIC>
								</FinInstnId>
							</CdtrAgt>
						</RltdAgts>
						<RmtInf>
							<Ustrd>/VAT/232,39/IDC/6342226666/INV/IS00014999/TXT/</Ustrd>
						</RmtInf>
					</TxDtls>
				</NtryDtls>
				<AddtlNtryInf>EL1901100100230</AddtlNtryInf>
			</Ntry>
			<Ntry>
				<NtryRef>WAR 19011003791-0000002</NtryRef>
				<Amt Ccy="PLN">232.39</Amt>
				<CdtDbtInd>DBIT</CdtDbtInd>
				<Sts>BOOK</Sts>
				<BookgDt>
					<Dt>2019-01-10</Dt>
				</BookgDt>
				<ValDt>
					<Dt>2019-01-10</Dt>
				</ValDt>
				<AcctSvcrRef>WAR 19011003791-0000002</AcctSvcrRef>
				<BkTxCd>
					<Domn>
						<Cd>PMNT</Cd>
						<Fmly>
							<Cd>ICDT</Cd>
							<SubFmlyCd>TAXE</SubFmlyCd>
						</Fmly>
					</Domn>
					<Prtry>
						<Cd>TRF</Cd>
						<Issr>SWIFT</Issr>
					</Prtry>
				</BkTxCd>
				<NtryDtls>
					<TxDtls>
						<Refs>
							<AcctSvcrRef>WARVDD01201901101006003791000001</AcctSvcrRef>
							<Prtry>
								<Tp>OrgnlAcctSvcrRef</Tp>
								<Ref>WARXMT01201901101006003791</Ref>
							</Prtry>
						</Refs>
						<AmtDtls>
							<TxAmt>
								<Amt Ccy="PLN">232.39</Amt>
							</TxAmt>
						</AmtDtls>
						<RltdPties>
							<Dbtr>
								<Nm>TEST Customer</Nm>
							</Dbtr>
							<Cdtr>
								<Nm>Beneficiary</Nm>
							</Cdtr>
							<CdtrAcct>
								<Id>
									<Othr>
										<Id>22222222</Id>
										<SchmeNm>
											<Cd>BBAN</Cd>
										</SchmeNm>
									</Othr>
								</Id>
							</CdtrAcct>
						</RltdPties>
						<RltdAgts>
							<DbtrAgt>
								<FinInstnId>
									<Nm>Skandinaviska Enskilda Banken</Nm>
								</FinInstnId>
							</DbtrAgt>
							<CdtrAgt>
								<FinInstnId>
									<BIC>ESSEPLPWXXX</BIC>
								</FinInstnId>
							</CdtrAgt>
						</RltdAgts>
						<RmtInf>
							<Ustrd>/VAT/232,39/IDC/6342226666/INV/IS00014998/TXT/</Ustrd>
						</RmtInf>
					</TxDtls>
				</NtryDtls>
				<AddtlNtryInf>EL1901100100230</AddtlNtryInf>
			</Ntry>
			<Ntry>
				<NtryRef>WAR 19011003798-0000003</NtryRef>
				<Amt Ccy="PLN">8168.97</Amt>
				<CdtDbtInd>CRDT</CdtDbtInd>
				<Sts>BOOK</Sts>
				<BookgDt>
					<Dt>2019-01-10</Dt>
				</BookgDt>
				<ValDt>
					<Dt>2019-01-10</Dt>
				</ValDt>
				<AcctSvcrRef>WAR 19011003798-0000003</AcctSvcrRef>
				<BkTxCd>
					<Domn>
						<Cd>PMNT</Cd>
						<Fmly>
							<Cd>RCDT</Cd>
							<SubFmlyCd>XBCT</SubFmlyCd>
						</Fmly>
					</Domn>
					<Prtry>
						<Cd>TRF</Cd>
						<Issr>SWIFT</Issr>
					</Prtry>
				</BkTxCd>
				<NtryDtls>
					<TxDtls>
						<Refs>
							<AcctSvcrRef>WARXMT01201901101006003798000001</AcctSvcrRef>
						</Refs>
						<AmtDtls>
							<TxAmt>
								<Amt Ccy="PLN">8168.97</Amt>
							</TxAmt>
						</AmtDtls>
						<RltdPties>
							<Dbtr>
								<Nm>Debtor</Nm>
								<PstlAdr>
									<AdrLine>Line 1</AdrLine>
								</PstlAdr>
							</Dbtr>
							<Cdtr>
								<Nm>TEST Customer</Nm>
							</Cdtr>
						</RltdPties>
						<RltdAgts>
							<CdtrAgt>
								<FinInstnId>
									<BIC>ESSEPLPWXXX</BIC>
								</FinInstnId>
							</CdtrAgt>
						</RltdAgts>
						<RmtInf>
							<Ustrd>Zapłata za 00099999;00099998</Ustrd>
						</RmtInf>
					</TxDtls>
				</NtryDtls>
				<AddtlNtryInf>EL1901100100231</AddtlNtryInf>
			</Ntry>
			<Ntry>
				<NtryRef>WAR 19011003799-0000004</NtryRef>
				<Amt Ccy="PLN">9102.00</Amt>
				<CdtDbtInd>CRDT</CdtDbtInd>
				<Sts>BOOK</Sts>
				<BookgDt>
					<Dt>2019-01-10</Dt>
				</BookgDt>
				<ValDt>
					<Dt>2019-01-10</Dt>
				</ValDt>
				<AcctSvcrRef>WAR 19011003799-0000004</AcctSvcrRef>
				<BkTxCd>
					<Domn>
						<Cd>PMNT</Cd>
						<Fmly>
							<Cd>RCDT</Cd>
							<SubFmlyCd>XBCT</SubFmlyCd>
						</Fmly>
					</Domn>
					<Prtry>
						<Cd>TRF</Cd>
						<Issr>SWIFT</Issr>
					</Prtry>
				</BkTxCd>
				<NtryDtls>
					<TxDtls>
						<Refs>
							<AcctSvcrRef>WARXMT01201901101006003799000001</AcctSvcrRef>
						</Refs>
						<AmtDtls>
							<TxAmt>
								<Amt Ccy="PLN">9102.00</Amt>
							</TxAmt>
						</AmtDtls>
						<RltdPties>
							<Dbtr>
								<Nm>Debtor</Nm>
								<PstlAdr>
									<AdrLine>Line 1</AdrLine>
								</PstlAdr>
							</Dbtr>
							<Cdtr>
								<Nm>TEST Customer</Nm>
							</Cdtr>
						</RltdPties>
						<RltdAgts>
							<CdtrAgt>
								<FinInstnId>
									<BIC>ESSEPLPWXXX</BIC>
								</FinInstnId>
							</CdtrAgt>
						</RltdAgts>
						<RmtInf>
							<Ustrd>00009999</Ustrd>
						</RmtInf>
					</TxDtls>
				</NtryDtls>
				<AddtlNtryInf>EL1901100100232</AddtlNtryInf>
			</Ntry>
			<Ntry>
				<NtryRef>WAR 19011003806-0000005</NtryRef>
				<Amt Ccy="PLN">1160.66</Amt>
				<CdtDbtInd>CRDT</CdtDbtInd>
				<Sts>BOOK</Sts>
				<BookgDt>
					<Dt>2019-01-10</Dt>
				</BookgDt>
				<ValDt>
					<Dt>2019-01-10</Dt>
				</ValDt>
				<AcctSvcrRef>WAR 19011003806-0000005</AcctSvcrRef>
				<BkTxCd>
					<Domn>
						<Cd>PMNT</Cd>
						<Fmly>
							<Cd>RCDT</Cd>
							<SubFmlyCd>XBCT</SubFmlyCd>
						</Fmly>
					</Domn>
					<Prtry>
						<Cd>TRF</Cd>
						<Issr>SWIFT</Issr>
					</Prtry>
				</BkTxCd>
				<NtryDtls>
					<TxDtls>
						<Refs>
							<AcctSvcrRef>WARXMT01201901101006003806000001</AcctSvcrRef>
						</Refs>
						<AmtDtls>
							<TxAmt>
								<Amt Ccy="PLN">1160.66</Amt>
							</TxAmt>
						</AmtDtls>
						<RltdPties>
							<Dbtr>
								<Nm>Debtor</Nm>
								<PstlAdr>
									<AdrLine>Line 1</AdrLine>
								</PstlAdr>
							</Dbtr>
							<Cdtr>
								<Nm>TEST Customer</Nm>
							</Cdtr>
						</RltdPties>
						<RltdAgts>
							<CdtrAgt>
								<FinInstnId>
									<BIC>ESSEPLPWXXX</BIC>
								</FinInstnId>
							</CdtrAgt>
						</RltdAgts>
						<RmtInf>
							<Ustrd>06/01-19</Ustrd>
						</RmtInf>
					</TxDtls>
				</NtryDtls>
				<AddtlNtryInf>EL1901100100233</AddtlNtryInf>
			</Ntry>
			<Ntry>
				<NtryRef>WAR 19011008503-0000006</NtryRef>
				<Amt Ccy="PLN">10245.90</Amt>
				<CdtDbtInd>CRDT</CdtDbtInd>
				<Sts>BOOK</Sts>
				<BookgDt>
					<Dt>2019-01-10</Dt>
				</BookgDt>
				<ValDt>
					<Dt>2019-01-10</Dt>
				</ValDt>
				<AcctSvcrRef>WAR 19011008503-0000006</AcctSvcrRef>
				<BkTxCd>
					<Domn>
						<Cd>PMNT</Cd>
						<Fmly>
							<Cd>RCDT</Cd>
							<SubFmlyCd>BOOK</SubFmlyCd>
						</Fmly>
					</Domn>
					<Prtry>
						<Cd>TRF</Cd>
						<Issr>SWIFT</Issr>
					</Prtry>
				</BkTxCd>
				<NtryDtls>
					<TxDtls>
						<Refs>
							<AcctSvcrRef>STONCC01190110084347018618000001</AcctSvcrRef>
							<Prtry>
								<Tp>OrgnlAcctSvcrRef</Tp>
								<Ref>STONCM01190110084347018618</Ref>
							</Prtry>
						</Refs>
						<AmtDtls>
							<TxAmt>
								<Amt Ccy="PLN">10245.90</Amt>
							</TxAmt>
						</AmtDtls>
						<RltdPties>
							<Dbtr>
								<Nm>Debtor</Nm>
								<PstlAdr>
									<TwnNm>Town name</TwnNm>
								</PstlAdr>
							</Dbtr>
							<Cdtr>
								<Nm>TEST Customer</Nm>
							</Cdtr>
						</RltdPties>
						<RltdAgts>
							<DbtrAgt>
								<FinInstnId>
									<BIC>ESSEPLPWXXX</BIC>
								</FinInstnId>
							</DbtrAgt>
							<CdtrAgt>
								<FinInstnId>
									<BIC>ESSEPLPWXXX</BIC>
								</FinInstnId>
							</CdtrAgt>
						</RltdAgts>
						<RmtInf>
							<Ustrd>/VAT/1915,90/IDC/6342226666/INV/IP00009997</Ustrd>
						</RmtInf>
					</TxDtls>
				</NtryDtls>
				<AddtlNtryInf>0110084347018618</AddtlNtryInf>
			</Ntry>
			<Ntry>
				<NtryRef>WAR 19011008503-0000007</NtryRef>
				<Amt Ccy="PLN">1915.90</Amt>
				<CdtDbtInd>DBIT</CdtDbtInd>
				<Sts>BOOK</Sts>
				<BookgDt>
					<Dt>2019-01-10</Dt>
				</BookgDt>
				<ValDt>
					<Dt>2019-01-10</Dt>
				</ValDt>
				<AcctSvcrRef>WAR 19011008503-0000007</AcctSvcrRef>
				<BkTxCd>
					<Domn>
						<Cd>PMNT</Cd>
						<Fmly>
							<Cd>ICDT</Cd>
							<SubFmlyCd>TAXE</SubFmlyCd>
						</Fmly>
					</Domn>
					<Prtry>
						<Cd>TRF</Cd>
						<Issr>SWIFT</Issr>
					</Prtry>
				</BkTxCd>
				<NtryDtls>
					<TxDtls>
						<Refs>
							<AcctSvcrRef>WARVDD01190110084347018618000001</AcctSvcrRef>
							<Prtry>
								<Tp>OrgnlAcctSvcrRef</Tp>
								<Ref>STONCM01190110084347018618</Ref>
							</Prtry>
						</Refs>
						<AmtDtls>
							<TxAmt>
								<Amt Ccy="PLN">1915.90</Amt>
							</TxAmt>
						</AmtDtls>
						<RltdPties>
							<Dbtr>
								<Nm>TEST Customer</Nm>
							</Dbtr>
							<Cdtr>
								<Nm>Beneficiary</Nm>
							</Cdtr>
							<CdtrAcct>
								<Id>
									<Othr>
										<Id>22222222</Id>
										<SchmeNm>
											<Cd>BBAN</Cd>
										</SchmeNm>
									</Othr>
								</Id>
							</CdtrAcct>
						</RltdPties>
						<RltdAgts>
							<DbtrAgt>
								<FinInstnId>
									<Nm>Skandinaviska Enskilda Banken</Nm>
								</FinInstnId>
							</DbtrAgt>
						</RltdAgts>
						<RmtInf>
							<Ustrd>/VAT/1915,90/IDC/6342226666/INV/IP00009996</Ustrd>
						</RmtInf>
					</TxDtls>
				</NtryDtls>
				<AddtlNtryInf>0110084347018618</AddtlNtryInf>
			</Ntry>
			<Ntry>
				<NtryRef>WAR 19011008939-0000008</NtryRef>
				<Amt Ccy="PLN">28302.00</Amt>
				<CdtDbtInd>CRDT</CdtDbtInd>
				<Sts>BOOK</Sts>
				<BookgDt>
					<Dt>2019-01-10</Dt>
				</BookgDt>
				<ValDt>
					<Dt>2019-01-10</Dt>
				</ValDt>
				<AcctSvcrRef>WAR 19011008939-0000008</AcctSvcrRef>
				<BkTxCd>
					<Domn>
						<Cd>PMNT</Cd>
						<Fmly>
							<Cd>RCDT</Cd>
							<SubFmlyCd>XBCT</SubFmlyCd>
						</Fmly>
					</Domn>
					<Prtry>
						<Cd>TRF</Cd>
						<Issr>SWIFT</Issr>
					</Prtry>
				</BkTxCd>
				<NtryDtls>
					<TxDtls>
						<Refs>
							<AcctSvcrRef>WARXMT01201901101406008939000001</AcctSvcrRef>
						</Refs>
						<AmtDtls>
							<TxAmt>
								<Amt Ccy="PLN">28302.00</Amt>
							</TxAmt>
						</AmtDtls>
						<RltdPties>
							<Dbtr>
								<Nm>Debtor</Nm>
								<PstlAdr>
									<AdrLine>Line 1</AdrLine>
								</PstlAdr>
							</Dbtr>
							<Cdtr>
								<Nm>TEST Customer</Nm>
							</Cdtr>
						</RltdPties>
						<RltdAgts>
							<CdtrAgt>
								<FinInstnId>
									<BIC>ESSEPLPWXXX</BIC>
								</FinInstnId>
							</CdtrAgt>
						</RltdAgts>
						<RmtInf>
							<Ustrd>00005555 częsciowo</Ustrd>
						</RmtInf>
					</TxDtls>
				</NtryDtls>
				<AddtlNtryInf>EL1901100200137</AddtlNtryInf>
			</Ntry>
			<Ntry>
				<NtryRef>WAR 19011008946-0000009</NtryRef>
				<Amt Ccy="PLN">1106.40</Amt>
				<CdtDbtInd>CRDT</CdtDbtInd>
				<Sts>BOOK</Sts>
				<BookgDt>
					<Dt>2019-01-10</Dt>
				</BookgDt>
				<ValDt>
					<Dt>2019-01-10</Dt>
				</ValDt>
				<AcctSvcrRef>WAR 19011008946-0000009</AcctSvcrRef>
				<BkTxCd>
					<Domn>
						<Cd>PMNT</Cd>
						<Fmly>
							<Cd>RCDT</Cd>
							<SubFmlyCd>XBCT</SubFmlyCd>
						</Fmly>
					</Domn>
					<Prtry>
						<Cd>TRF</Cd>
						<Issr>SWIFT</Issr>
					</Prtry>
				</BkTxCd>
				<NtryDtls>
					<TxDtls>
						<Refs>
							<AcctSvcrRef>WARXMT01201901101406008946000001</AcctSvcrRef>
						</Refs>
						<AmtDtls>
							<TxAmt>
								<Amt Ccy="PLN">1106.40</Amt>
							</TxAmt>
						</AmtDtls>
						<RltdPties>
							<Dbtr>
								<Nm>Debtor</Nm>
								<PstlAdr>
									<AdrLine>Line 1</AdrLine>
								</PstlAdr>
							</Dbtr>
							<Cdtr>
								<Nm>TEST Customer</Nm>
							</Cdtr>
						</RltdPties>
						<RltdAgts>
							<CdtrAgt>
								<FinInstnId>
									<BIC>ESSEPLPWXXX</BIC>
								</FinInstnId>
							</CdtrAgt>
						</RltdAgts>
						<RmtInf>
							<Ustrd>00006666</Ustrd>
						</RmtInf>
					</TxDtls>
				</NtryDtls>
				<AddtlNtryInf>EL1901100200138</AddtlNtryInf>
			</Ntry>
			<Ntry>
				<NtryRef>WAR 19011008947-0000010</NtryRef>
				<Amt Ccy="PLN">21771.00</Amt>
				<CdtDbtInd>CRDT</CdtDbtInd>
				<Sts>BOOK</Sts>
				<BookgDt>
					<Dt>2019-01-10</Dt>
				</BookgDt>
				<ValDt>
					<Dt>2019-01-10</Dt>
				</ValDt>
				<AcctSvcrRef>WAR 19011008947-0000010</AcctSvcrRef>
				<BkTxCd>
					<Domn>
						<Cd>PMNT</Cd>
						<Fmly>
							<Cd>RCDT</Cd>
							<SubFmlyCd>XBCT</SubFmlyCd>
						</Fmly>
					</Domn>
					<Prtry>
						<Cd>TRF</Cd>
						<Issr>SWIFT</Issr>
					</Prtry>
				</BkTxCd>
				<NtryDtls>
					<TxDtls>
						<Refs>
							<AcctSvcrRef>WARXMT01201901101406008947000001</AcctSvcrRef>
						</Refs>
						<AmtDtls>
							<TxAmt>
								<Amt Ccy="PLN">21771.00</Amt>
							</TxAmt>
						</AmtDtls>
						<RltdPties>
							<Dbtr>
								<Nm>Debtor</Nm>
								<PstlAdr>
									<AdrLine>Line 1</AdrLine>
								</PstlAdr>
							</Dbtr>
							<Cdtr>
								<Nm>TEST Customer</Nm>
							</Cdtr>
						</RltdPties>
						<RltdAgts>
							<CdtrAgt>
								<FinInstnId>
									<BIC>ESSEPLPWXXX</BIC>
								</FinInstnId>
							</CdtrAgt>
						</RltdAgts>
						<RmtInf>
							<Ustrd>00006066,00000222,0000555555</Ustrd>
						</RmtInf>
					</TxDtls>
				</NtryDtls>
				<AddtlNtryInf>EL1901100200139</AddtlNtryInf>
			</Ntry>
			<Ntry>
				<NtryRef>WAR 19011008954-0000011</NtryRef>
				<Amt Ccy="PLN">11193.00</Amt>
				<CdtDbtInd>CRDT</CdtDbtInd>
				<Sts>BOOK</Sts>
				<BookgDt>
					<Dt>2019-01-10</Dt>
				</BookgDt>
				<ValDt>
					<Dt>2019-01-10</Dt>
				</ValDt>
				<AcctSvcrRef>WAR 19011008954-0000011</AcctSvcrRef>
				<BkTxCd>
					<Domn>
						<Cd>PMNT</Cd>
						<Fmly>
							<Cd>RCDT</Cd>
							<SubFmlyCd>XBCT</SubFmlyCd>
						</Fmly>
					</Domn>
					<Prtry>
						<Cd>TRF</Cd>
						<Issr>SWIFT</Issr>
					</Prtry>
				</BkTxCd>
				<NtryDtls>
					<TxDtls>
						<Refs>
							<AcctSvcrRef>WARXMT01201901101406008954000001</AcctSvcrRef>
						</Refs>
						<AmtDtls>
							<TxAmt>
								<Amt Ccy="PLN">11193.00</Amt>
							</TxAmt>
						</AmtDtls>
						<RltdPties>
							<Dbtr>
								<Nm>Debtor</Nm>
								<PstlAdr>
									<AdrLine>Line 1</AdrLine>
								</PstlAdr>
							</Dbtr>
							<Cdtr>
								<Nm>TEST Customer</Nm>
							</Cdtr>
						</RltdPties>
						<RltdAgts>
							<CdtrAgt>
								<FinInstnId>
									<BIC>ESSEPLPWXXX</BIC>
								</FinInstnId>
							</CdtrAgt>
						</RltdAgts>
						<RmtInf>
							<Ustrd>Faktura 10/01-19</Ustrd>
						</RmtInf>
					</TxDtls>
				</NtryDtls>
				<AddtlNtryInf>EL1901100200140</AddtlNtryInf>
			</Ntry>
			<Ntry>
				<NtryRef>WAR 19011009375-0000012</NtryRef>
				<Amt Ccy="PLN">3340.68</Amt>
				<CdtDbtInd>DBIT</CdtDbtInd>
				<Sts>BOOK</Sts>
				<BookgDt>
					<Dt>2019-01-10</Dt>
				</BookgDt>
				<ValDt>
					<Dt>2019-01-10</Dt>
				</ValDt>
				<AcctSvcrRef>WAR 19011009375-0000012</AcctSvcrRef>
				<BkTxCd>
					<Domn>
						<Cd>PMNT</Cd>
						<Fmly>
							<Cd>ICDT</Cd>
							<SubFmlyCd>ATXN</SubFmlyCd>
						</Fmly>
					</Domn>
					<Prtry>
						<Cd>TRF</Cd>
						<Issr>SWIFT</Issr>
					</Prtry>
				</BkTxCd>
				<NtryDtls>
					<TxDtls>
						<Refs>
							<AcctSvcrRef>STONCM01190110141327069999000001</AcctSvcrRef>
						</Refs>
						<AmtDtls>
							<TxAmt>
								<Amt Ccy="PLN">3340.68</Amt>
							</TxAmt>
						</AmtDtls>
						<RltdPties>
							<Dbtr>
								<Nm>TEST Customer</Nm>
							</Dbtr>
							<Cdtr>
								<Nm>Beneficiary</Nm>
							</Cdtr>
							<CdtrAcct>
								<Id>
									<Othr>
										<Id>21144011010000000002222222</Id>
										<SchmeNm>
											<Cd>BBAN</Cd>
										</SchmeNm>
									</Othr>
								</Id>
							</CdtrAcct>
						</RltdPties>
						<RltdAgts>
							<DbtrAgt>
								<FinInstnId>
									<Nm>Skandinaviska Enskilda Banken</Nm>
								</FinInstnId>
							</DbtrAgt>
						</RltdAgts>
						<RmtInf>
							<Ustrd>zwrot z tyt. nadpłaty 122222</Ustrd>
						</RmtInf>
					</TxDtls>
				</NtryDtls>
				<AddtlNtryInf>0110141327069999</AddtlNtryInf>
			</Ntry>
			<Ntry>
				<NtryRef>WAR 19011009376-0000013</NtryRef>
				<Amt Ccy="PLN">2000.00</Amt>
				<CdtDbtInd>DBIT</CdtDbtInd>
				<Sts>BOOK</Sts>
				<BookgDt>
					<Dt>2019-01-10</Dt>
				</BookgDt>
				<ValDt>
					<Dt>2019-01-10</Dt>
				</ValDt>
				<AcctSvcrRef>WAR 19011009376-0000013</AcctSvcrRef>
				<BkTxCd>
					<Domn>
						<Cd>PMNT</Cd>
						<Fmly>
							<Cd>ICDT</Cd>
							<SubFmlyCd>ATXN</SubFmlyCd>
						</Fmly>
					</Domn>
					<Prtry>
						<Cd>TRF</Cd>
						<Issr>SWIFT</Issr>
					</Prtry>
				</BkTxCd>
				<NtryDtls>
					<TxDtls>
						<Refs>
							<AcctSvcrRef>STONCM01190110141437070102000001</AcctSvcrRef>
						</Refs>
						<AmtDtls>
							<TxAmt>
								<Amt Ccy="PLN">2000.00</Amt>
							</TxAmt>
						</AmtDtls>
						<RltdPties>
							<Dbtr>
								<Nm>TEST Customer</Nm>
							</Dbtr>
							<Cdtr>
								<Nm>Beneficiary</Nm>
							</Cdtr>
							<CdtrAcct>
								<Id>
									<Othr>
										<Id>25175000999999900000009999</Id>
										<SchmeNm>
											<Cd>BBAN</Cd>
										</SchmeNm>
									</Othr>
								</Id>
							</CdtrAcct>
						</RltdPties>
						<RltdAgts>
							<DbtrAgt>
								<FinInstnId>
									<Nm>Skandinaviska Enskilda Banken</Nm>
								</FinInstnId>
							</DbtrAgt>
						</RltdAgts>
						<RmtInf>
							<Ustrd>zaliczka celowa do 009999</Ustrd>
						</RmtInf>
					</TxDtls>
				</NtryDtls>
				<AddtlNtryInf>0110141437070102</AddtlNtryInf>
			</Ntry>
			<Ntry>
				<NtryRef>WAR 19011010326-0000014</NtryRef>
				<Amt Ccy="PLN">922.50</Amt>
				<CdtDbtInd>CRDT</CdtDbtInd>
				<Sts>BOOK</Sts>
				<BookgDt>
					<Dt>2019-01-10</Dt>
				</BookgDt>
				<ValDt>
					<Dt>2019-01-10</Dt>
				</ValDt>
				<AcctSvcrRef>WAR 19011010326-0000014</AcctSvcrRef>
				<BkTxCd>
					<Domn>
						<Cd>PMNT</Cd>
						<Fmly>
							<Cd>RCDT</Cd>
							<SubFmlyCd>XBCT</SubFmlyCd>
						</Fmly>
					</Domn>
					<Prtry>
						<Cd>TRF</Cd>
						<Issr>SWIFT</Issr>
					</Prtry>
				</BkTxCd>
				<NtryDtls>
					<TxDtls>
						<Refs>
							<AcctSvcrRef>WARXMT01201901101621010326000001</AcctSvcrRef>
						</Refs>
						<AmtDtls>
							<TxAmt>
								<Amt Ccy="PLN">922.50</Amt>
							</TxAmt>
						</AmtDtls>
						<RltdPties>
							<Dbtr>
								<Nm>Debtor</Nm>
								<PstlAdr>
									<AdrLine>Line 1</AdrLine>
								</PstlAdr>
							</Dbtr>
							<Cdtr>
								<Nm>Beneficiary</Nm>
							</Cdtr>
						</RltdPties>
						<RltdAgts>
							<CdtrAgt>
								<FinInstnId>
									<BIC>ESSEPLPWXXX</BIC>
								</FinInstnId>
							</CdtrAgt>
						</RltdAgts>
						<RmtInf>
							<Ustrd>proforma 22/12-18/</Ustrd>
						</RmtInf>
					</TxDtls>
				</NtryDtls>
				<AddtlNtryInf>EL1901100300145</AddtlNtryInf>
			</Ntry>
			<Ntry>
				<NtryRef>WAR 19011010327-0000015</NtryRef>
				<Amt Ccy="PLN">1000.00</Amt>
				<CdtDbtInd>CRDT</CdtDbtInd>
				<Sts>BOOK</Sts>
				<BookgDt>
					<Dt>2019-01-10</Dt>
				</BookgDt>
				<ValDt>
					<Dt>2019-01-10</Dt>
				</ValDt>
				<AcctSvcrRef>WAR 19011010327-0000015</AcctSvcrRef>
				<BkTxCd>
					<Domn>
						<Cd>PMNT</Cd>
						<Fmly>
							<Cd>RCDT</Cd>
							<SubFmlyCd>XBCT</SubFmlyCd>
						</Fmly>
					</Domn>
					<Prtry>
						<Cd>TRF</Cd>
						<Issr>SWIFT</Issr>
					</Prtry>
				</BkTxCd>
				<NtryDtls>
					<TxDtls>
						<Refs>
							<AcctSvcrRef>WARXMT01201901101621010327000001</AcctSvcrRef>
						</Refs>
						<AmtDtls>
							<TxAmt>
								<Amt Ccy="PLN">1000.00</Amt>
							</TxAmt>
						</AmtDtls>
						<RltdPties>
							<Dbtr>
								<Nm>Debtor</Nm>
								<PstlAdr>
									<AdrLine>Line 1</AdrLine>
								</PstlAdr>
							</Dbtr>
							<Cdtr>
								<Nm>Beneficiary</Nm>
							</Cdtr>
						</RltdPties>
						<RltdAgts>
							<CdtrAgt>
								<FinInstnId>
									<BIC>ESSEPLPWXXX</BIC>
								</FinInstnId>
							</CdtrAgt>
						</RltdAgts>
						<RmtInf>
							<Ustrd>FAKTURA 00011111</Ustrd>
						</RmtInf>
					</TxDtls>
				</NtryDtls>
				<AddtlNtryInf>EL1901100300146</AddtlNtryInf>
			</Ntry>
			<Ntry>
				<NtryRef>WAR 19011010661-0000016</NtryRef>
				<Amt Ccy="PLN">86726.25</Amt>
				<CdtDbtInd>DBIT</CdtDbtInd>
				<Sts>BOOK</Sts>
				<BookgDt>
					<Dt>2019-01-10</Dt>
				</BookgDt>
				<ValDt>
					<Dt>2019-01-10</Dt>
				</ValDt>
				<AcctSvcrRef>WAR 19011010661-0000016</AcctSvcrRef>
				<BkTxCd>
					<Domn>
						<Cd>CAMT</Cd>
						<Fmly>
							<Cd>ACCB</Cd>
							<SubFmlyCd>SWEP</SubFmlyCd>
						</Fmly>
					</Domn>
					<Prtry>
						<Cd>CMS</Cd>
						<Issr>SWIFT</Issr>
					</Prtry>
				</BkTxCd>
				<NtryDtls>
					<TxDtls>
						<Refs>
							<AcctSvcrRef>STONCM01190110175127085183000001</AcctSvcrRef>
							<PmtInfId>SEBSW181116359</PmtInfId>
						</Refs>
						<AmtDtls>
							<TxAmt>
								<Amt Ccy="PLN">86726.25</Amt>
							</TxAmt>
						</AmtDtls>
						<RltdPties>
							<Dbtr>
								<Nm>TEST Customer</Nm>
							</Dbtr>
							<Cdtr>
								<Nm>Beneficiary</Nm>
							</Cdtr>
							<CdtrAcct>
								<Id>
									<Othr>
										<Id>56968255555</Id>
										<SchmeNm>
											<Cd>BBAN</Cd>
										</SchmeNm>
									</Othr>
								</Id>
							</CdtrAcct>
						</RltdPties>
						<RltdAgts>
							<DbtrAgt>
								<FinInstnId>
									<Nm>Skandinaviska Enskilda Banken</Nm>
								</FinInstnId>
							</DbtrAgt>
							<CdtrAgt>
								<FinInstnId>
									<BIC>ESSESESSXXX</BIC>
								</FinInstnId>
							</CdtrAgt>
						</RltdAgts>
						<RmtInf>
							<Ustrd>T 56968255555 ESSESESSXXX S 20228888 ESSEPLPWXXX REF NO SEBSW181116359 SWEEP</Ustrd>
						</RmtInf>
					</TxDtls>
				</NtryDtls>
				<AddtlNtryInf>SEBSW181116359</AddtlNtryInf>
			</Ntry>
		</Stmt>
	</BkToCstmrStmt>
</Document>
