<?xml version="1.0" encoding="UTF-8"?>
<Document xmlns="urn:iso:std:iso:20022:tech:xsd:camt.053.001.02" xmlns:xsi="http://www.w3.org/2001/XMLSchema-instance" xsi:schemaLocation="urn:iso:std:iso:20022:tech:xsd:camt.053.001.02 file:///C:/Users/s90251/Desktop/files/Template/camt.053.001.02.xsd">
	<BkToCstmrStmt>
		<GrpHdr>
			<MsgId>3049888</MsgId>
			<CreDtTm>2018-12-04T04:12:21+01:00</CreDtTm>
			<MsgRcpt>
				<Id>
					<OrgId>
						<Othr>
							<Id>00331127800005</Id>
							<SchmeNm>
								<Cd>BANK</Cd>
							</SchmeNm>
						</Othr>
					</OrgId>
				</Id>
			</MsgRcpt>
		</GrpHdr>
		<Stmt>
			<Id>STOIID25181204040817000002</Id>
			<ElctrncSeqNb>234</ElctrncSeqNb>
			<LglSeqNb>234</LglSeqNb>
			<CreDtTm>2018-12-04T04:08:17+01:00</CreDtTm>
			<FrToDt>
				<FrDtTm>2018-12-03T00:00:00+01:00</FrDtTm>
				<ToDtTm>2018-12-03T23:59:59+01:00</ToDtTm>
			</FrToDt>
			<Acct>
				<Id>
					<IBAN>SE1150000000054401060156</IBAN>
				</Id>
				<Ccy>SEK</Ccy>
				<Ownr>
					<Nm>TEST Customer</Nm>
					<Id>
						<OrgId>
							<Othr>
								<Id>00331127800005</Id>
								<SchmeNm>
									<Cd>BANK</Cd>
								</SchmeNm>
							</Othr>
						</OrgId>
					</Id>
				</Ownr>
				<Svcr>
					<FinInstnId>
						<BIC>ESSESESSXXX</BIC>
					</FinInstnId>
				</Svcr>
			</Acct>
			<RltdAcct>
				<Id>
					<IBAN>SE0850000000054401106091</IBAN>
				</Id>
			</RltdAcct>
			<Bal>
				<Tp>
					<CdOrPrtry>
						<Cd>OPBD</Cd>
					</CdOrPrtry>
				</Tp>
				<Amt Ccy="SEK">28539944.30</Amt>
				<CdtDbtInd>CRDT</CdtDbtInd>
				<Dt>
					<Dt>2018-12-03</Dt>
				</Dt>
			</Bal>
			<Bal>
				<Tp>
					<CdOrPrtry>
						<Cd>CLBD</Cd>
					</CdOrPrtry>
				</Tp>
				<CdtLine>
					<Incl>false</Incl>
				</CdtLine>
				<Amt Ccy="SEK">28717402.80</Amt>
				<CdtDbtInd>CRDT</CdtDbtInd>
				<Dt>
					<Dt>2018-12-03</Dt>
				</Dt>
			</Bal>
			<Bal>
				<Tp>
					<CdOrPrtry>
						<Cd>CLAV</Cd>
					</CdOrPrtry>
				</Tp>
				<CdtLine>
					<Incl>false</Incl>
				</CdtLine>
				<Amt Ccy="SEK">28717402.80</Amt>
				<CdtDbtInd>CRDT</CdtDbtInd>
				<Dt>
					<Dt>2018-12-03</Dt>
				</Dt>
			</Bal>
			<Bal>
				<Tp>
					<CdOrPrtry>
						<Cd>FWAV</Cd>
					</CdOrPrtry>
				</Tp>
				<Amt Ccy="SEK">28717402.80</Amt>
				<CdtDbtInd>CRDT</CdtDbtInd>
				<Dt>
					<Dt>2018-12-04</Dt>
				</Dt>
			</Bal>
			<TxsSummry>
				<TtlDbtNtries>
					<NbOfNtries>3</NbOfNtries>
					<Sum>102</Sum>
				</TtlDbtNtries>
			</TxsSummry>
			<Ntry>
				<NtryRef>KOSTNAD H29388572175-0008477</NtryRef>
				<Amt Ccy="SEK">50.00</Amt>
				<CdtDbtInd>DBIT</CdtDbtInd>
				<Sts>BOOK</Sts>
				<BookgDt>
					<Dt>2018-12-03</Dt>
				</BookgDt>
				<ValDt>
					<Dt>2018-12-03</Dt>
				</ValDt>
				<AcctSvcrRef>STOI556510614790008477</AcctSvcrRef>
				<BkTxCd>
					<Domn>
						<Cd>ACMT</Cd>
						<Fmly>
							<Cd>MDOP</Cd>
							<SubFmlyCd>CHRG</SubFmlyCd>
						</Fmly>
					</Domn>
					<Prtry>
						<Cd>CHG</Cd>
						<Issr>SWIFT</Issr>
					</Prtry>
				</BkTxCd>
				<NtryDtls>
					<TxDtls>
						<AmtDtls>
							<TxAmt>
								<Amt Ccy="SEK">50</Amt>
							</TxAmt>
						</AmtDtls>
						<RmtInf>
							<Ustrd>KOSTNAD H29388572175</Ustrd>
						</RmtInf>
					</TxDtls>
				</NtryDtls>
			</Ntry>
			<Ntry>
				<NtryRef>KOSTNAD H03388789923-0008481</NtryRef>
				<Amt Ccy="SEK">50.00</Amt>
				<CdtDbtInd>DBIT</CdtDbtInd>
				<Sts>BOOK</Sts>
				<BookgDt>
					<Dt>2018-12-03</Dt>
				</BookgDt>
				<ValDt>
					<Dt>2018-12-03</Dt>
				</ValDt>
				<AcctSvcrRef>STOI556510614790008481</AcctSvcrRef>
				<BkTxCd>
					<Domn>
						<Cd>ACMT</Cd>
						<Fmly>
							<Cd>MDOP</Cd>
							<SubFmlyCd>CHRG</SubFmlyCd>
						</Fmly>
					</Domn>
					<Prtry>
						<Cd>CHG</Cd>
						<Issr>SWIFT</Issr>
					</Prtry>
				</BkTxCd>
				<NtryDtls>
					<TxDtls>
						<AmtDtls>
							<TxAmt>
								<Amt Ccy="SEK">50</Amt>
							</TxAmt>
						</AmtDtls>
						<RmtInf>
							<Ustrd>KOSTNAD H03388789923</Ustrd>
						</RmtInf>
					</TxDtls>
				</NtryDtls>
			</Ntry>
			<Ntry>
				<NtryRef>KOSTNAD H03388824518-0008485</NtryRef>
				<Amt Ccy="SEK">2.00</Amt>
				<CdtDbtInd>DBIT</CdtDbtInd>
				<Sts>BOOK</Sts>
				<BookgDt>
					<Dt>2018-12-03</Dt>
				</BookgDt>
				<ValDt>
					<Dt>2018-12-03</Dt>
				</ValDt>
				<AcctSvcrRef>STOI556510614790008485</AcctSvcrRef>
				<BkTxCd>
					<Domn>
						<Cd>ACMT</Cd>
						<Fmly>
							<Cd>MDOP</Cd>
							<SubFmlyCd>CHRG</SubFmlyCd>
						</Fmly>
					</Domn>
					<Prtry>
						<Cd>CHG</Cd>
						<Issr>SWIFT</Issr>
					</Prtry>
				</BkTxCd>
				<NtryDtls>
					<TxDtls>
						<AmtDtls>
							<TxAmt>
								<Amt Ccy="SEK">2</Amt>
							</TxAmt>
						</AmtDtls>
						<RmtInf>
							<Ustrd>KOSTNAD H03388824518</Ustrd>
						</RmtInf>
					</TxDtls>
				</NtryDtls>
			</Ntry>
		</Stmt>
	</BkToCstmrStmt>
</Document>
