<?xml version="1.0" encoding="UTF-8"?>
<Document xmlns="urn:iso:std:iso:20022:tech:xsd:camt.054.001.02" xmlns:xsi="http://www.w3.org/2001/XMLSchema-instance" xsi:schemaLocation="urn:iso:std:iso:20022:tech:xsd:camt.054.001.02 file:///C:/Users/s90251/Desktop/files/Template/camt.054.001.02.xsd">
	<BkToCstmrDbtCdtNtfctn>
		<GrpHdr>
			<MsgId>3075999</MsgId>
			<CreDtTm>2018-12-07T08:03:55+01:00</CreDtTm>
			<MsgRcpt>
				<Id>
					<OrgId>
						<Othr>
							<Id>00331127800005</Id>
							<SchmeNm>
								<Cd>BANK</Cd>
							</SchmeNm>
						</Othr>
					</OrgId>
				</Id>
			</MsgRcpt>
			<AddtlInf>/DEBT/</AddtlInf>
		</GrpHdr>
		<Ntfctn>
			<Id>STOIID65181207080316000005</Id>
			<CreDtTm>2018-12-07T08:03:16</CreDtTm>
			<Acct>
				<Id>
					<Othr>
						<Id>54401060156</Id>
						<SchmeNm>
							<Cd>BBAN</Cd>
						</SchmeNm>
					</Othr>
				</Id>
				<Ccy>SEK</Ccy>
				<Ownr>
					<Nm>TEST Customer</Nm>
					<Id>
						<OrgId>
							<Othr>
								<Id>00331127800005</Id>
								<SchmeNm>
									<Cd>BANK</Cd>
								</SchmeNm>
							</Othr>
						</OrgId>
					</Id>
				</Ownr>
				<Svcr>
					<FinInstnId>
						<BIC>ESSESESSXXX</BIC>
					</FinInstnId>
				</Svcr>
			</Acct>
			<RltdAcct>
				<Id>
					<Othr>
						<Id>54401106091</Id>
						<SchmeNm>
							<Cd>BBAN</Cd>
						</SchmeNm>
					</Othr>
				</Id>
			</RltdAcct>
			<TxsSummry>
				<TtlDbtNtries>
					<NbOfNtries>2</NbOfNtries>
					<Sum>266950500</Sum>
				</TtlDbtNtries>
			</TxsSummry>
			<Ntry>
				<NtryRef>283419627402-0153232</NtryRef>
				<Amt Ccy="SEK">133475250.00</Amt>
				<CdtDbtInd>DBIT</CdtDbtInd>
				<Sts>BOOK</Sts>
				<BookgDt>
					<Dt>2018-12-07</Dt>
				</BookgDt>
				<ValDt>
					<Dt>2018-12-07</Dt>
				</ValDt>
				<AcctSvcrRef>STOI556510074740153232</AcctSvcrRef>
				<BkTxCd>
					<Domn>
						<Cd>PMNT</Cd>
						<Fmly>
							<Cd>ICCN</Cd>
							<SubFmlyCd>ICCT</SubFmlyCd>
						</Fmly>
					</Domn>
					<Prtry>
						<Cd>TRF</Cd>
						<Issr>SWIFT</Issr>
					</Prtry>
				</BkTxCd>
				<NtryDtls>
					<TxDtls>
						<Refs>
							<AcctSvcrRef>STONCM01181206130211085031000001</AcctSvcrRef>
							<PmtInfId>CAPO8819</PmtInfId>
							<InstrId>283419627402</InstrId>
						</Refs>
						<AmtDtls>
							<TxAmt>
								<Amt Ccy="SEK">133475250.00</Amt>
							</TxAmt>
						</AmtDtls>
						<RltdPties>
							<Dbtr>
								<Nm>TEST Customer</Nm>
							</Dbtr>
							<Cdtr>
								<Nm>Beneficiary</Nm>
							</Cdtr>
							<CdtrAcct>
								<Id>
									<Othr>
										<Id>54401106059</Id>
										<SchmeNm>
											<Cd>BBAN</Cd>
										</SchmeNm>
									</Othr>
								</Id>
							</CdtrAcct>
						</RltdPties>
						<RltdAgts>
							<DbtrAgt>
								<FinInstnId>
									<Nm>Skandinaviska Enskilda Banken</Nm>
								</FinInstnId>
							</DbtrAgt>
							<CdtrAgt>
								<FinInstnId>
									<BIC>ESSESESS</BIC>
								</FinInstnId>
							</CdtrAgt>
						</RltdAgts>
						<RmtInf>
							<Ustrd>234899/1</Ustrd>
						</RmtInf>
					</TxDtls>
				</NtryDtls>
			</Ntry>
			<Ntry>
				<NtryRef>283419627412-0002289</NtryRef>
				<Amt Ccy="SEK">133475250.00</Amt>
				<CdtDbtInd>DBIT</CdtDbtInd>
				<Sts>BOOK</Sts>
				<BookgDt>
					<Dt>2018-12-07</Dt>
				</BookgDt>
				<ValDt>
					<Dt>2018-12-07</Dt>
				</ValDt>
				<AcctSvcrRef>STOI556510428490002289</AcctSvcrRef>
				<BkTxCd>
					<Domn>
						<Cd>PMNT</Cd>
						<Fmly>
							<Cd>ICCN</Cd>
							<SubFmlyCd>ICCT</SubFmlyCd>
						</Fmly>
					</Domn>
					<Prtry>
						<Cd>TRF</Cd>
						<Issr>SWIFT</Issr>
					</Prtry>
				</BkTxCd>
				<NtryDtls>
					<TxDtls>
						<Refs>
							<AcctSvcrRef>STONCM01181206130211085032000001</AcctSvcrRef>
							<PmtInfId>CAPO8820</PmtInfId>
							<InstrId>283419627412</InstrId>
						</Refs>
						<AmtDtls>
							<TxAmt>
								<Amt Ccy="SEK">133475250.00</Amt>
							</TxAmt>
						</AmtDtls>
						<RltdPties>
							<Dbtr>
								<Nm>TEST Customer</Nm>
							</Dbtr>
							<Cdtr>
								<Nm>Beneficiary</Nm>
							</Cdtr>
							<CdtrAcct>
								<Id>
									<Othr>
										<Id>54401106040</Id>
										<SchmeNm>
											<Cd>BBAN</Cd>
										</SchmeNm>
									</Othr>
								</Id>
							</CdtrAcct>
						</RltdPties>
						<RltdAgts>
							<DbtrAgt>
								<FinInstnId>
									<Nm>Skandinaviska Enskilda Banken</Nm>
								</FinInstnId>
							</DbtrAgt>
							<CdtrAgt>
								<FinInstnId>
									<BIC>ESSESESS</BIC>
								</FinInstnId>
							</CdtrAgt>
						</RltdAgts>
						<RmtInf>
							<Ustrd>342555/1</Ustrd>
						</RmtInf>
					</TxDtls>
				</NtryDtls>
			</Ntry>
		</Ntfctn>
	</BkToCstmrDbtCdtNtfctn>
</Document>
